<record><leader>01961cam a2200409Mi 4500</leader><controlfield tag="001">9915432979407426</controlfield><controlfield tag="005">20221101190709.0</controlfield><controlfield tag="008">920620s1876 ilua 001 0 eng d</controlfield><datafield tag="016" ind1="7" ind2=" "><subfield code="a">CAT10506584</subfield><subfield code="2">DNAL</subfield></datafield><datafield tag="019" ind1=" " ind2=" "><subfield code="a">6413669</subfield></datafield><datafield tag="035" ind1=" " ind2=" "><subfield code="a">399192</subfield></datafield><datafield tag="035" ind1=" " ind2=" "><subfield code="a">(OCoLC)1049506915</subfield><subfield code="z">(OCoLC)6413669</subfield></datafield><datafield tag="035" ind1=" " ind2=" "><subfield code="a">(DNAL)399192-naldb-Voyager</subfield></datafield><datafield tag="035" ind1=" " ind2=" "><subfield code="z">(OCoLC)6413669</subfield></datafield><datafield tag="040" ind1=" " ind2=" "><subfield code="a">PAU</subfield><subfield code="b">eng</subfield><subfield code="c">PAU</subfield><subfield code="d">OCLCO</subfield><subfield code="d">TXA</subfield><subfield code="d">AGL</subfield><subfield code="d">OCLCF</subfield><subfield code="d">TUFTV</subfield><subfield code="d">OCLCQ</subfield><subfield code="d">OCL</subfield><subfield code="d">OCLCQ</subfield></datafield><datafield tag="049" ind1=" " ind2=" "><subfield code="a">RQIA</subfield></datafield><datafield tag="070" ind1="0" ind2=" "><subfield code="a">42</subfield><subfield code="b">C67</subfield></datafield><datafield tag="072" ind1=" " ind2=" "><subfield code="a">L100</subfield></datafield><datafield tag="100" ind1="1" ind2=" "><subfield code="a">Coleman, Joseph Brine.</subfield></datafield><datafield tag="245" ind1="1" ind2="0"><subfield code="a">Pathological horse-shoeing :</subfield><subfield code="b">a theory and practice of the shoeing of horses : by which every
                disease affecting the foot of the horse may be absolutely cured or ameliorated, and
                defective action of the limbs effectively corrected ... : embracing also an outline
                formulary and index /</subfield><subfield code="c">by Joseph Brine Coleman.</subfield></datafield><datafield tag="260" ind1=" " ind2=" "><subfield code="a">Chicago :</subfield><subfield code="b">Published by the author at the Office of Henry Fish &amp;
                Co.,</subfield><subfield code="c">1876.</subfield></datafield><datafield tag="300" ind1=" " ind2=" "><subfield code="a">185, [5] pages :</subfield><subfield code="b">illustrations ;</subfield><subfield code="c">20 cm</subfield></datafield><datafield tag="336" ind1=" " ind2=" "><subfield code="a">text</subfield><subfield code="b">txt</subfield><subfield code="2">rdacontent</subfield></datafield><datafield tag="337" ind1=" " ind2=" "><subfield code="a">unmediated</subfield><subfield code="b">n</subfield><subfield code="2">rdamedia</subfield></datafield><datafield tag="338" ind1=" " ind2=" "><subfield code="a">volume</subfield><subfield code="b">nc</subfield><subfield code="2">rdacarrier</subfield></datafield><datafield tag="510" ind1="4" ind2=" "><subfield code="a">Fox, C.G. The Fairman Rogers Coll. on the horse and
                equitation,</subfield><subfield code="c">172</subfield></datafield><datafield tag="591" ind1=" " ind2=" "><subfield code="b">NAL Reclamation</subfield></datafield><datafield tag="650" ind1=" " ind2="0"><subfield code="a">Horseshoeing.</subfield><subfield code="0">http://id.loc.gov/authorities/subjects/sh85062187</subfield></datafield><datafield tag="650" ind1=" " ind2="0"><subfield code="a">Horses</subfield><subfield code="x">Diseases.</subfield><subfield code="0">http://id.loc.gov/authorities/subjects/sh85062163</subfield></datafield><datafield tag="650" ind1=" " ind2="0"><subfield code="a">Horses</subfield><subfield code="x">Anatomy.</subfield><subfield code="0">http://id.loc.gov/authorities/subjects/sh85062162</subfield></datafield><datafield tag="650" ind1=" " ind2="0"><subfield code="a">Hoofs.</subfield><subfield code="0">http://id.loc.gov/authorities/subjects/sh85061898</subfield></datafield><datafield tag="655" ind1=" " ind2="7"><subfield code="a">Advertisements</subfield><subfield code="z">Illinois</subfield><subfield code="z">Chicago</subfield><subfield code="y">19th century.</subfield><subfield code="2">rbgenr</subfield></datafield><datafield tag="776" ind1="0" ind2="8"><subfield code="i">Online version:</subfield><subfield code="a">Coleman, Joseph Brine.</subfield><subfield code="t">Pathological horse-shoeing.</subfield><subfield code="d">Chicago, H. Fish, 1876</subfield><subfield code="w">(OCoLC)920372405</subfield></datafield><datafield tag="912" ind1=" " ind2=" "><subfield code="a">nalcatalog</subfield></datafield><datafield tag="930" ind1=" " ind2=" "><subfield code="a">00000000</subfield><subfield code="b">00000000</subfield><subfield code="c">00000000</subfield></datafield><datafield tag="946" ind1=" " ind2=" "><subfield code="a">Other US</subfield></datafield><datafield tag="994" ind1=" " ind2=" "><subfield code="a">92</subfield><subfield code="b">AGL</subfield></datafield></record>