<record><leader>00964cam a2200337Mi 4500</leader><controlfield tag="001">9915437803207426</controlfield><controlfield tag="005">20221101185327.0</controlfield><controlfield tag="008">910402s1916 xx 000 0 eng d</controlfield><datafield tag="016" ind1="7" ind2=" "><subfield code="a">CAT10683669</subfield><subfield code="2">DNAL</subfield></datafield><datafield tag="016" ind1="7" ind2=" "><subfield code="a">010861350</subfield><subfield code="2">Uk</subfield></datafield><datafield tag="035" ind1=" " ind2=" "><subfield code="a">496208</subfield></datafield><datafield tag="035" ind1=" " ind2=" "><subfield code="a">(OCoLC)500036629</subfield></datafield><datafield tag="035" ind1=" " ind2=" "><subfield code="a">(DNAL)496208-naldb-Voyager</subfield></datafield><datafield tag="040" ind1=" " ind2=" "><subfield code="a">UKMGB</subfield><subfield code="b">eng</subfield><subfield code="c">UKMGB</subfield><subfield code="d">OCLCQ</subfield><subfield code="d">AGL</subfield></datafield><datafield tag="049" ind1=" " ind2=" "><subfield code="a">RQIA</subfield></datafield><datafield tag="070" ind1="0" ind2=" "><subfield code="a">42</subfield><subfield code="b">H11 1916</subfield></datafield><datafield tag="072" ind1=" " ind2=" "><subfield code="a">L800</subfield></datafield><datafield tag="072" ind1=" " ind2=" "><subfield code="a">L100</subfield></datafield><datafield tag="100" ind1="1" ind2=" "><subfield code="a">Hadley, Frederick B.</subfield></datafield><datafield tag="245" ind1="1" ind2="4"><subfield code="a">The Horse in Health and Disease /</subfield><subfield code="c">Frederick B. Hadley.</subfield></datafield><datafield tag="260" ind1=" " ind2=" "><subfield code="a">[Place of publication not identified] :</subfield><subfield code="b">W.B. Saunders Co.,</subfield><subfield code="c">1916.</subfield></datafield><datafield tag="336" ind1=" " ind2=" "><subfield code="a">text</subfield><subfield code="b">txt</subfield><subfield code="2">rdacontent</subfield></datafield><datafield tag="337" ind1=" " ind2=" "><subfield code="a">unmediated</subfield><subfield code="b">n</subfield><subfield code="2">rdamedia</subfield></datafield><datafield tag="591" ind1=" " ind2=" "><subfield code="b">NAL Reclamation</subfield></datafield><datafield tag="650" ind1=" " ind2="3"><subfield code="a">animal production.</subfield></datafield><datafield tag="650" ind1=" " ind2="3"><subfield code="a">veterinary medicine.</subfield></datafield><datafield tag="650" ind1=" " ind2="3"><subfield code="a">animal health.</subfield></datafield><datafield tag="912" ind1=" " ind2=" "><subfield code="a">nalcatalog</subfield></datafield><datafield tag="930" ind1=" " ind2=" "><subfield code="a">00000000</subfield><subfield code="b">00000000</subfield><subfield code="c">00000000</subfield></datafield><datafield tag="946" ind1=" " ind2=" "><subfield code="a">Other US</subfield></datafield><datafield tag="994" ind1=" " ind2=" "><subfield code="a">92</subfield><subfield code="b">AGL</subfield></datafield></record>