<record><leader>01818cam a2200529 a 4500</leader><controlfield tag="001">9915438477707426</controlfield><controlfield tag="005">20221101180933.0</controlfield><controlfield tag="008">970114s1996 paua b 001 0 eng </controlfield><datafield tag="010" ind1=" " ind2=" "><subfield code="a"> 95020476 </subfield></datafield><datafield tag="015" ind1=" " ind2=" "><subfield code="a">GB9682009</subfield><subfield code="2">bnb</subfield></datafield><datafield tag="016" ind1="7" ind2=" "><subfield code="a">CAT10820184</subfield><subfield code="2">DNAL</subfield></datafield><datafield tag="016" ind1="7" ind2=" "><subfield code="a">9615295</subfield><subfield code="2">DNLM</subfield></datafield><datafield tag="019" ind1=" " ind2=" "><subfield code="a">35911422</subfield></datafield><datafield tag="020" ind1=" " ind2=" "><subfield code="a">0721651356</subfield></datafield><datafield tag="020" ind1=" " ind2=" "><subfield code="a">9780721651354</subfield></datafield><datafield tag="035" ind1=" " ind2=" "><subfield code="a">790001</subfield></datafield><datafield tag="035" ind1=" " ind2=" "><subfield code="a">(OCoLC)33047515</subfield><subfield code="z">(OCoLC)35911422</subfield></datafield><datafield tag="035" ind1=" " ind2=" "><subfield code="a">(DNAL)790001-naldb-Voyager</subfield></datafield><datafield tag="035" ind1=" " ind2=" "><subfield code="z">(OCoLC)35911422</subfield></datafield><datafield tag="040" ind1=" " ind2=" "><subfield code="a">DLC</subfield><subfield code="b">eng</subfield><subfield code="c">DLC</subfield><subfield code="d">UKM</subfield><subfield code="d">NLM</subfield><subfield code="d">BAKER</subfield><subfield code="d">BTCTA</subfield><subfield code="d">YDXCP</subfield><subfield code="d">BDX</subfield><subfield code="d">OCLCO</subfield><subfield code="d">OCLCF</subfield><subfield code="d">OCLCQ</subfield><subfield code="d">AGL</subfield></datafield><datafield tag="049" ind1=" " ind2=" "><subfield code="a">AGLL</subfield></datafield><datafield tag="050" ind1="1" ind2="0"><subfield code="a">SF959.J64</subfield><subfield code="b">J385 1996</subfield></datafield><datafield tag="070" ind1="0" ind2=" "><subfield code="a">SF959.J64J385</subfield><subfield code="b">1996</subfield></datafield><datafield tag="072" ind1=" " ind2=" "><subfield code="a">L810</subfield></datafield><datafield tag="245" ind1="0" ind2="0"><subfield code="a">Joint disease in the horse /</subfield><subfield code="c">[edited by] C. Wayne McIlwraith, Gayle W. Trotter.</subfield></datafield><datafield tag="260" ind1=" " ind2=" "><subfield code="a">Philadelphia :</subfield><subfield code="b">W.B. Saunders,</subfield><subfield code="c">©1996.</subfield></datafield><datafield tag="300" ind1=" " ind2=" "><subfield code="a">xv, 490 pages :</subfield><subfield code="b">illustrations ;</subfield><subfield code="c">29 cm</subfield></datafield><datafield tag="336" ind1=" " ind2=" "><subfield code="a">text</subfield><subfield code="b">txt</subfield><subfield code="2">rdacontent</subfield></datafield><datafield tag="337" ind1=" " ind2=" "><subfield code="a">unmediated</subfield><subfield code="b">n</subfield><subfield code="2">rdamedia</subfield></datafield><datafield tag="338" ind1=" " ind2=" "><subfield code="a">volume</subfield><subfield code="b">nc</subfield><subfield code="2">rdacarrier</subfield></datafield><datafield tag="504" ind1=" " ind2=" "><subfield code="a">Includes bibliographical references and index.</subfield></datafield><datafield tag="591" ind1=" " ind2=" "><subfield code="b">NAL Reclamation</subfield></datafield><datafield tag="650" ind1=" " ind2="0"><subfield code="a">Horses</subfield><subfield code="x">Diseases.</subfield><subfield code="0">http://id.loc.gov/authorities/subjects/sh85062163</subfield></datafield><datafield tag="650" ind1=" " ind2="0"><subfield code="a">Joints</subfield><subfield code="x">Diseases.</subfield><subfield code="0">http://id.loc.gov/authorities/subjects/sh85070660</subfield></datafield><datafield tag="650" ind1="1" ind2="2"><subfield code="a">Horse Diseases.</subfield></datafield><datafield tag="650" ind1="2" ind2="2"><subfield code="a">Joint Diseases</subfield><subfield code="x">veterinary.</subfield></datafield><datafield tag="700" ind1="1" ind2=" "><subfield code="a">McIlwraith, C. Wayne.</subfield></datafield><datafield tag="700" ind1="1" ind2=" "><subfield code="a">Trotter, Gayle W.</subfield></datafield><datafield tag="912" ind1=" " ind2=" "><subfield code="a">nalcatalog</subfield></datafield><datafield tag="930" ind1=" " ind2=" "><subfield code="a">19970203</subfield><subfield code="b">19970210</subfield><subfield code="c">00000000</subfield></datafield><datafield tag="938" ind1=" " ind2=" "><subfield code="a">Baker &amp; Taylor</subfield><subfield code="b">BKTY</subfield><subfield code="c">186.00</subfield><subfield code="d">186.00</subfield><subfield code="i">0721651356</subfield><subfield code="n">0002741937</subfield><subfield code="s">active</subfield></datafield><datafield tag="938" ind1=" " ind2=" "><subfield code="a">Brodart</subfield><subfield code="b">BROD</subfield><subfield code="n">49605534</subfield><subfield code="c">$170.00</subfield></datafield><datafield tag="938" ind1=" " ind2=" "><subfield code="a">Baker and Taylor</subfield><subfield code="b">BTCP</subfield><subfield code="n">95020476</subfield></datafield><datafield tag="938" ind1=" " ind2=" "><subfield code="a">YBP Library Services</subfield><subfield code="b">YANK</subfield><subfield code="n">602092</subfield></datafield><datafield tag="945" ind1=" " ind2=" "><subfield code="a">Promptcat </subfield></datafield><datafield tag="946" ind1=" " ind2=" "><subfield code="a">Other US</subfield></datafield><datafield tag="994" ind1=" " ind2=" "><subfield code="a">92</subfield><subfield code="b">AGL</subfield></datafield></record>