<record><leader>01044cam a2200361Mi 4500</leader><controlfield tag="001">9915445550007426</controlfield><controlfield tag="005">20221102002737.0</controlfield><controlfield tag="008">941102s1945 tu 000 0 tur d</controlfield><datafield tag="016" ind1="7" ind2=" "><subfield code="a">CAT10721949</subfield><subfield code="2">DNAL</subfield></datafield><datafield tag="035" ind1=" " ind2=" "><subfield code="a">622931</subfield></datafield><datafield tag="035" ind1=" " ind2=" "><subfield code="a">(OCoLC)71030941</subfield></datafield><datafield tag="035" ind1=" " ind2=" "><subfield code="a">(DNAL)622931-naldb-Voyager</subfield></datafield><datafield tag="040" ind1=" " ind2=" "><subfield code="a">AGL</subfield><subfield code="b">eng</subfield><subfield code="c">AGL</subfield><subfield code="d">OCLCQ</subfield><subfield code="d">AGL</subfield></datafield><datafield tag="049" ind1=" " ind2=" "><subfield code="a">RQIB</subfield></datafield><datafield tag="070" ind1="0" ind2=" "><subfield code="a">41</subfield><subfield code="b">Er2</subfield></datafield><datafield tag="072" ind1=" " ind2="0"><subfield code="a">L833</subfield></datafield><datafield tag="100" ind1="1" ind2=" "><subfield code="a">Erdöl, Zeynelabidin.</subfield></datafield><datafield tag="242" ind1="0" ind2="0"><subfield code="a">Horse plague and blue tongue disease in sheep</subfield><subfield code="y">eng</subfield></datafield><datafield tag="245" ind1="1" ind2="0"><subfield code="a">At vebasi ve koyunlarda mavi dil hastaligi.</subfield></datafield><datafield tag="260" ind1=" " ind2=" "><subfield code="a">Istanbul :</subfield><subfield code="b">Osmanbey Basimevi,</subfield><subfield code="c">1945.</subfield></datafield><datafield tag="300" ind1=" " ind2=" "><subfield code="a">16 pages ;</subfield><subfield code="c">24 cm</subfield></datafield><datafield tag="336" ind1=" " ind2=" "><subfield code="a">text</subfield><subfield code="b">txt</subfield><subfield code="2">rdacontent</subfield></datafield><datafield tag="337" ind1=" " ind2=" "><subfield code="a">unmediated</subfield><subfield code="b">n</subfield><subfield code="2">rdamedia</subfield></datafield><datafield tag="338" ind1=" " ind2=" "><subfield code="a">volume</subfield><subfield code="b">nc</subfield><subfield code="2">rdacarrier</subfield></datafield><datafield tag="591" ind1=" " ind2=" "><subfield code="b">NAL Reclamation</subfield></datafield><datafield tag="650" ind1=" " ind2="3"><subfield code="a">viral diseases of animals and humans.</subfield></datafield><datafield tag="650" ind1=" " ind2="3"><subfield code="a">animal health.</subfield></datafield><datafield tag="650" ind1=" " ind2="3"><subfield code="a">animal diseases.</subfield></datafield><datafield tag="911" ind1=" " ind2=" "><subfield code="i">chl00007508</subfield></datafield><datafield tag="912" ind1=" " ind2=" "><subfield code="a">nalcatalog</subfield></datafield><datafield tag="930" ind1=" " ind2=" "><subfield code="a">20191204</subfield><subfield code="b">20200106</subfield><subfield code="c">00000000</subfield></datafield><datafield tag="946" ind1=" " ind2=" "><subfield code="a">Non-US</subfield></datafield><datafield tag="994" ind1=" " ind2=" "><subfield code="a">92</subfield><subfield code="b">AGL</subfield></datafield></record>