<record><leader>01469cam a22003731i 4500</leader><controlfield tag="001">9915447752707426</controlfield><controlfield tag="005">20221102021909.0</controlfield><controlfield tag="008">920703s1829 enk 000 0 eng </controlfield><datafield tag="010" ind1=" " ind2=" "><subfield code="a">agr06001580 </subfield></datafield><datafield tag="016" ind1="7" ind2=" "><subfield code="a">CAT10503599</subfield><subfield code="2">DNAL</subfield></datafield><datafield tag="035" ind1=" " ind2=" "><subfield code="a">404979</subfield></datafield><datafield tag="035" ind1=" " ind2=" "><subfield code="a">(OCoLC)02145505</subfield></datafield><datafield tag="035" ind1=" " ind2=" "><subfield code="a">(DNAL)404979-naldb-Voyager</subfield></datafield><datafield tag="040" ind1=" " ind2=" "><subfield code="a">DLC</subfield><subfield code="b">eng</subfield><subfield code="c">DLC</subfield><subfield code="d">AGL</subfield><subfield code="d">MMU</subfield><subfield code="d">OCLCF</subfield><subfield code="d">EUW</subfield><subfield code="d">VTU</subfield><subfield code="d">HMZ</subfield><subfield code="d">TUFTV</subfield><subfield code="d">TXA</subfield><subfield code="d">OCLCO</subfield><subfield code="d">OCLCA</subfield><subfield code="d">OCLCQ</subfield></datafield><datafield tag="049" ind1=" " ind2=" "><subfield code="a">AGLL</subfield></datafield><datafield tag="050" ind1="0" ind2="0"><subfield code="a">SF285</subfield><subfield code="b">.L42</subfield></datafield><datafield tag="070" ind1="0" ind2=" "><subfield code="a">SF285</subfield><subfield code="b">.L39 1829</subfield></datafield><datafield tag="100" ind1="1" ind2=" "><subfield code="a">Lawrence, John,</subfield><subfield code="d">1753-1839.</subfield><subfield code="0">http://id.loc.gov/authorities/names/n86847859</subfield></datafield><datafield tag="245" ind1="1" ind2="4"><subfield code="a">The horse in all his varieties and uses :</subfield><subfield code="b">his breeding, rearing and management ... with rules ... for his
                preservation from disease /</subfield><subfield code="c">by John Lawrence ...</subfield></datafield><datafield tag="260" ind1=" " ind2=" "><subfield code="a">London :</subfield><subfield code="b">M. Arnold;,</subfield><subfield code="c">1829.</subfield></datafield><datafield tag="300" ind1=" " ind2=" "><subfield code="a">xix, [1], 315 pages ;</subfield><subfield code="c">19 cm</subfield></datafield><datafield tag="336" ind1=" " ind2=" "><subfield code="a">text</subfield><subfield code="b">txt</subfield><subfield code="2">rdacontent</subfield></datafield><datafield tag="337" ind1=" " ind2=" "><subfield code="a">unmediated</subfield><subfield code="b">n</subfield><subfield code="2">rdamedia</subfield></datafield><datafield tag="338" ind1=" " ind2=" "><subfield code="a">volume</subfield><subfield code="b">nc</subfield><subfield code="2">rdacarrier</subfield></datafield><datafield tag="591" ind1=" " ind2=" "><subfield code="b">NAL Reclamation</subfield></datafield><datafield tag="650" ind1=" " ind2="0"><subfield code="a">Horses.</subfield><subfield code="0">http://id.loc.gov/authorities/subjects/sh85062160</subfield></datafield><datafield tag="650" ind1=" " ind2="2"><subfield code="a">Horses.</subfield></datafield><datafield tag="776" ind1="0" ind2="8"><subfield code="i">Online version:</subfield><subfield code="a">Lawrence, John, 1753-1839.</subfield><subfield code="t">Horse in all his varieties and uses.</subfield><subfield code="d">London : Printed for M. Arnold, Tavistock Street, Covent Garden,
                1829</subfield><subfield code="w">(OCoLC)920372447</subfield></datafield><datafield tag="912" ind1=" " ind2=" "><subfield code="a">nalcatalog</subfield></datafield><datafield tag="930" ind1=" " ind2=" "><subfield code="a">20170927</subfield><subfield code="b">20171009</subfield><subfield code="c">00000000</subfield></datafield><datafield tag="939" ind1=" " ind2=" "><subfield code="a">20120712</subfield><subfield code="b">20120904</subfield><subfield code="c">00000000</subfield></datafield><datafield tag="946" ind1=" " ind2=" "><subfield code="a">Non-US</subfield></datafield><datafield tag="958" ind1=" " ind2=" "><subfield code="b">e</subfield><subfield code="c">2012/07/06</subfield><subfield code="d">n</subfield><subfield code="e">mlydon</subfield></datafield><datafield tag="994" ind1=" " ind2=" "><subfield code="a">92</subfield><subfield code="b">AGL</subfield></datafield></record>