<record><leader>02710cam a2200589 i 4500</leader><controlfield tag="001">9915450851707426</controlfield><controlfield tag="005">20221101215206.0</controlfield><controlfield tag="008">840326s1985 paua b 001 0 eng </controlfield><datafield tag="010" ind1=" " ind2=" "><subfield code="a"> 84007179 </subfield></datafield><datafield tag="015" ind1=" " ind2=" "><subfield code="a">GB8930336</subfield><subfield code="2">bnb</subfield></datafield><datafield tag="016" ind1="7" ind2=" "><subfield code="a">CAT86860236</subfield><subfield code="2">DNAL</subfield></datafield><datafield tag="016" ind1="7" ind2=" "><subfield code="a">8504802</subfield><subfield code="2">DNLM</subfield></datafield><datafield tag="019" ind1=" " ind2=" "><subfield code="a">19455856</subfield></datafield><datafield tag="020" ind1=" " ind2=" "><subfield code="a">081210935X</subfield></datafield><datafield tag="020" ind1=" " ind2=" "><subfield code="a">9780812109351</subfield></datafield><datafield tag="035" ind1=" " ind2=" "><subfield code="a">309870</subfield></datafield><datafield tag="035" ind1=" " ind2=" "><subfield code="a">(OCoLC)10696837</subfield><subfield code="z">(OCoLC)19455856</subfield></datafield><datafield tag="035" ind1=" " ind2=" "><subfield code="a">(DNAL)309870-naldb-Voyager</subfield></datafield><datafield tag="035" ind1=" " ind2=" "><subfield code="z">(OCoLC)19455856</subfield></datafield><datafield tag="040" ind1=" " ind2=" "><subfield code="a">DLC</subfield><subfield code="b">eng</subfield><subfield code="e">rda</subfield><subfield code="c">DLC</subfield><subfield code="d">UKM</subfield><subfield code="d">MUQ</subfield><subfield code="d">NLM</subfield><subfield code="d">YDXCP</subfield><subfield code="d">LGG</subfield><subfield code="d">NIALS</subfield><subfield code="d">BDX</subfield><subfield code="d">OCLCF</subfield><subfield code="d">OCLCQ</subfield><subfield code="d">VI#</subfield><subfield code="d">OCLCO</subfield><subfield code="d">OCL</subfield><subfield code="d">OCLCO</subfield><subfield code="d">OCLCA</subfield></datafield><datafield tag="049" ind1=" " ind2=" "><subfield code="a">AGLL</subfield></datafield><datafield tag="050" ind1="0" ind2="0"><subfield code="a">SF285.3</subfield><subfield code="b">.N38 1985</subfield></datafield><datafield tag="070" ind1="0" ind2=" "><subfield code="a">SF285.3.N38</subfield><subfield code="b">1985</subfield></datafield><datafield tag="072" ind1=" " ind2=" "><subfield code="a">L800</subfield></datafield><datafield tag="072" ind1=" " ind2=" "><subfield code="a">L830</subfield></datafield><datafield tag="100" ind1="1" ind2=" "><subfield code="a">Naviaux, James L.,</subfield><subfield code="e">author.</subfield><subfield code="0">http://id.loc.gov/authorities/names/n83328439</subfield></datafield><datafield tag="245" ind1="1" ind2="0"><subfield code="a">Horses in health and disease /</subfield><subfield code="c">James L. Naviaux.</subfield></datafield><datafield tag="250" ind1=" " ind2=" "><subfield code="a">Second edition.</subfield></datafield><datafield tag="264" ind1=" " ind2="1"><subfield code="a">Philadelphia :</subfield><subfield code="b">Lea &amp; Febiger,</subfield><subfield code="c">1985.</subfield></datafield><datafield tag="300" ind1=" " ind2=" "><subfield code="a">x, 300 pages :</subfield><subfield code="b">illustrations ;</subfield><subfield code="c">24 cm</subfield></datafield><datafield tag="336" ind1=" " ind2=" "><subfield code="a">text</subfield><subfield code="b">txt</subfield><subfield code="2">rdacontent</subfield></datafield><datafield tag="337" ind1=" " ind2=" "><subfield code="a">unmediated</subfield><subfield code="b">n</subfield><subfield code="2">rdamedia</subfield></datafield><datafield tag="338" ind1=" " ind2=" "><subfield code="a">volume</subfield><subfield code="b">nc</subfield><subfield code="2">rdacarrier</subfield></datafield><datafield tag="504" ind1=" " ind2=" "><subfield code="a">Includes bibliographical references (pages 293-294) and
                index.</subfield></datafield><datafield tag="505" ind1="0" ind2="0"><subfield code="g">Part 1 - general considerations --</subfield><subfield code="t">The horse --</subfield><subfield code="t">Basic considerations in the care of the horse --</subfield><subfield code="t">General care --</subfield><subfield code="g">Part 2 - nutrition and reproduction --</subfield><subfield code="t">Equine nutrition --</subfield><subfield code="t">Breeding horses --</subfield><subfield code="t">The foaling mare --</subfield><subfield code="t">Care of the foal and post-foaling mare --</subfield><subfield code="g">Part 3 - health problems --</subfield><subfield code="t">General health problems --</subfield><subfield code="t">Parasites --</subfield><subfield code="t">Infectious diseases --</subfield><subfield code="t">Noninfectious diseases --</subfield><subfield code="t">Injuries and treatments --</subfield><subfield code="g">Appendices --</subfield><subfield code="t">Appendix A questions and answers --</subfield><subfield code="t">Appendix B signs and symptoms --</subfield><subfield code="t">Bibliography --</subfield><subfield code="t">Index.</subfield></datafield><datafield tag="591" ind1=" " ind2=" "><subfield code="b">NAL Reclamation</subfield></datafield><datafield tag="650" ind1=" " ind2="0"><subfield code="a">Horses.</subfield><subfield code="0">http://id.loc.gov/authorities/subjects/sh85062160</subfield></datafield><datafield tag="650" ind1=" " ind2="0"><subfield code="a">Horses</subfield><subfield code="x">Diseases.</subfield><subfield code="0">http://id.loc.gov/authorities/subjects/sh85062163</subfield></datafield><datafield tag="650" ind1=" " ind2="2"><subfield code="a">Horse Diseases.</subfield></datafield><datafield tag="650" ind1=" " ind2="2"><subfield code="a">Horses.</subfield></datafield><datafield tag="655" ind1=" " ind2="7"><subfield code="a">Reference works.</subfield><subfield code="2">fast</subfield><subfield code="0">(OCoLC)fst01919963</subfield></datafield><datafield tag="655" ind1=" " ind2="7"><subfield code="a">Reference works.</subfield><subfield code="2">lcgft</subfield><subfield code="0">http://id.loc.gov/authorities/genreForms/gf2014026165</subfield></datafield><datafield tag="776" ind1="0" ind2="8"><subfield code="i">Online version:</subfield><subfield code="a">Naviaux, James L.</subfield><subfield code="t">Horses in health and disease.</subfield><subfield code="b">2nd ed.</subfield><subfield code="d">Philadelphia : Lea &amp; Febiger, 1985</subfield><subfield code="w">(OCoLC)766247148</subfield></datafield><datafield tag="841" ind1=" " ind2=" "><subfield code="a">x </subfield><subfield code="b">8706030u 0 4 uu 1870603</subfield><subfield code="e">z</subfield></datafield><datafield tag="852" ind1=" " ind2=" "><subfield code="a">DNAL</subfield><subfield code="i">SF285.3.N38 1985</subfield></datafield><datafield tag="912" ind1=" " ind2=" "><subfield code="a">nalcatalog</subfield></datafield><datafield tag="930" ind1="0" ind2="1"><subfield code="a">00000000</subfield><subfield code="b">00000000</subfield><subfield code="c">19860312</subfield><subfield code="e">1 860312</subfield><subfield code="f">0 860312</subfield><subfield code="s">1 860312</subfield></datafield><datafield tag="938" ind1=" " ind2=" "><subfield code="a">Brodart</subfield><subfield code="b">BROD</subfield><subfield code="n">34886451</subfield><subfield code="c">$27.50</subfield></datafield><datafield tag="938" ind1=" " ind2=" "><subfield code="a">YBP Library Services</subfield><subfield code="b">YANK</subfield><subfield code="n">715291</subfield></datafield><datafield tag="945" ind1=" " ind2=" "><subfield code="d">AR</subfield><subfield code="e">86/02/11</subfield><subfield code="f">RY</subfield><subfield code="g">86/02/26</subfield></datafield><datafield tag="946" ind1=" " ind2=" "><subfield code="a">Other US</subfield></datafield><datafield tag="994" ind1=" " ind2=" "><subfield code="a">92</subfield><subfield code="b">AGL</subfield></datafield></record>