<record><leader>01959cam a2200445 a 4500</leader><controlfield tag="001">9915451965207426</controlfield><controlfield tag="005">20221101224552.0</controlfield><controlfield tag="007">hd afa---bacp</controlfield><controlfield tag="007">hd bfa---baap</controlfield><controlfield tag="007">hd bfa---babp</controlfield><controlfield tag="008">990626s1830 pau a 000 0 eng d</controlfield><datafield tag="016" ind1="7" ind2=" "><subfield code="a">CAT10872923</subfield><subfield code="2">DNAL</subfield></datafield><datafield tag="035" ind1=" " ind2=" "><subfield code="a">832222</subfield></datafield><datafield tag="035" ind1=" " ind2=" "><subfield code="a">(OCoLC)39272096</subfield></datafield><datafield tag="035" ind1=" " ind2=" "><subfield code="a">(DNAL)832222-naldb-Voyager</subfield></datafield><datafield tag="040" ind1=" " ind2=" "><subfield code="a">UPM</subfield><subfield code="b">eng</subfield><subfield code="c">UPM</subfield><subfield code="d">AGL</subfield><subfield code="d">OCLCQ</subfield><subfield code="d">OCLCG</subfield><subfield code="d">OCLCQ</subfield><subfield code="d">OCLCO</subfield><subfield code="d">OCLCF</subfield><subfield code="d">OCLCQ</subfield><subfield code="d">OCLCA</subfield></datafield><datafield tag="049" ind1=" " ind2=" "><subfield code="a">AGLL</subfield></datafield><datafield tag="070" ind1="0" ind2=" "><subfield code="a">Film</subfield><subfield code="b">S-1943</subfield></datafield><datafield tag="072" ind1=" " ind2=" "><subfield code="a">L000</subfield></datafield><datafield tag="100" ind1="1" ind2=" "><subfield code="a">Lawrence, John,</subfield><subfield code="d">1753-1839.</subfield><subfield code="0">http://id.loc.gov/authorities/names/n86847859</subfield></datafield><datafield tag="245" ind1="1" ind2="4"><subfield code="a">The horse in all his varieties and uses :</subfield><subfield code="b">his breeding, rearing, and management, whether in labor or rest :
                with rules, occasionally interspersed, for his preservation from disease
                /</subfield><subfield code="c">by John Lawrence.</subfield></datafield><datafield tag="246" ind1="1" ind2=" "><subfield code="i">Half title:</subfield><subfield code="a">Lawrence on the horse</subfield></datafield><datafield tag="260" ind1=" " ind2=" "><subfield code="a">Philadelphia :</subfield><subfield code="b">E.L. Carey and A. Hart,</subfield><subfield code="c">1830.</subfield></datafield><datafield tag="300" ind1=" " ind2=" "><subfield code="a">238 pages ;</subfield><subfield code="c">19 cm</subfield></datafield><datafield tag="336" ind1=" " ind2=" "><subfield code="a">text</subfield><subfield code="b">txt</subfield><subfield code="2">rdacontent</subfield></datafield><datafield tag="337" ind1=" " ind2=" "><subfield code="a">microform</subfield><subfield code="b">h</subfield><subfield code="2">rdamedia</subfield></datafield><datafield tag="338" ind1=" " ind2=" "><subfield code="a">microfilm reel</subfield><subfield code="b">hd</subfield><subfield code="2">rdacarrier</subfield></datafield><datafield tag="533" ind1=" " ind2=" "><subfield code="a">Microfilm.</subfield><subfield code="b">University Park, Pa. :</subfield><subfield code="c">Pennsylvania State University,</subfield><subfield code="d">1997.</subfield><subfield code="e">1 microfilm reel ; 35 mm.</subfield><subfield code="f">(USAIN state and local literature preservation project.
                Pennsylvania)</subfield><subfield code="f">(Pennsylvania agricultural literature on microfilm).</subfield></datafield><datafield tag="539" ind1=" " ind2=" "><subfield code="a">s</subfield><subfield code="b">1997</subfield><subfield code="d">pau</subfield><subfield code="e">n</subfield><subfield code="g">a</subfield></datafield><datafield tag="591" ind1=" " ind2=" "><subfield code="b">NAL Reclamation</subfield></datafield><datafield tag="650" ind1=" " ind2="0"><subfield code="a">Horses.</subfield><subfield code="0">http://id.loc.gov/authorities/subjects/sh85062160</subfield></datafield><datafield tag="650" ind1=" " ind2="0"><subfield code="a">Horses</subfield><subfield code="x">Diseases.</subfield><subfield code="0">http://id.loc.gov/authorities/subjects/sh85062163</subfield></datafield><datafield tag="650" ind1=" " ind2="0"><subfield code="a">Veterinary medicine.</subfield><subfield code="0">http://id.loc.gov/authorities/subjects/sh85143046</subfield></datafield><datafield tag="830" ind1=" " ind2="0"><subfield code="a">USAIN state and local literature preservation project.</subfield><subfield code="p">Pennsylvania</subfield></datafield><datafield tag="830" ind1=" " ind2="0"><subfield code="a">Pennsylvania agricultural literature on microfilm</subfield></datafield><datafield tag="912" ind1=" " ind2=" "><subfield code="a">nalcatalog</subfield></datafield><datafield tag="930" ind1=" " ind2=" "><subfield code="a">19990702</subfield><subfield code="b">19990709</subfield><subfield code="c">00000000</subfield></datafield><datafield tag="945" ind1=" " ind2=" "><subfield code="d">SES</subfield><subfield code="e">99/06/26</subfield><subfield code="f">SES</subfield><subfield code="g">99/06/26</subfield></datafield><datafield tag="946" ind1=" " ind2=" "><subfield code="a">Other US</subfield></datafield><datafield tag="994" ind1=" " ind2=" "><subfield code="a">92</subfield><subfield code="b">AGL</subfield></datafield></record>