<record><leader>01611cam a2200385I 4500</leader><controlfield tag="001">9915454145107426</controlfield><controlfield tag="005">20221102003410.0</controlfield><controlfield tag="008">920619s1880 enka 000 0 eng c</controlfield><datafield tag="010" ind1=" " ind2=" "><subfield code="a"> 34038798 </subfield></datafield><datafield tag="016" ind1="7" ind2=" "><subfield code="a">CAT10502169</subfield><subfield code="2">DNAL</subfield></datafield><datafield tag="035" ind1=" " ind2=" "><subfield code="a">413451</subfield></datafield><datafield tag="035" ind1=" " ind2=" "><subfield code="a">(OCoLC)01037580</subfield></datafield><datafield tag="035" ind1=" " ind2=" "><subfield code="a">(DNAL)413451-naldb-Voyager</subfield></datafield><datafield tag="040" ind1=" " ind2=" "><subfield code="a">CPL</subfield><subfield code="b">eng</subfield><subfield code="c">CPL</subfield><subfield code="d">OCLCQ</subfield><subfield code="d">AGL</subfield><subfield code="d">OCLCG</subfield><subfield code="d">OCLCF</subfield><subfield code="d">OCLCQ</subfield><subfield code="d">OCLCO</subfield><subfield code="d">EUW</subfield><subfield code="d">OCLCQ</subfield></datafield><datafield tag="049" ind1=" " ind2=" "><subfield code="a">RQIA</subfield></datafield><datafield tag="050" ind1="0" ind2="0"><subfield code="a">SF285</subfield><subfield code="b">.W23 1880</subfield></datafield><datafield tag="070" ind1="0" ind2=" "><subfield code="a">42</subfield><subfield code="b">W16H 1880</subfield></datafield><datafield tag="072" ind1=" " ind2=" "><subfield code="a">L100</subfield></datafield><datafield tag="100" ind1="1" ind2=" "><subfield code="a">Walsh, J. H.</subfield><subfield code="q">(John Henry),</subfield><subfield code="d">1810-1888.</subfield><subfield code="0">http://id.loc.gov/authorities/names/no96010121</subfield></datafield><datafield tag="245" ind1="1" ind2="4"><subfield code="a">The horse, in the stable and the field:</subfield><subfield code="b">his varieties, management in health and disease, anatomy, physiology,
                etc., etc.</subfield><subfield code="c">By J.H. Walsh (Stonehenge) With one hundred and seventy illustrations
                by Harrison, Weir, Zwecker, and others.</subfield></datafield><datafield tag="260" ind1=" " ind2=" "><subfield code="a">London,</subfield><subfield code="a">New York,</subfield><subfield code="b">G. Routledge and Sons,</subfield><subfield code="c">1880.</subfield></datafield><datafield tag="300" ind1=" " ind2=" "><subfield code="a">x, 622 pages</subfield><subfield code="b">illustrations</subfield><subfield code="c">23 cm</subfield></datafield><datafield tag="336" ind1=" " ind2=" "><subfield code="a">text</subfield><subfield code="b">txt</subfield><subfield code="2">rdacontent</subfield></datafield><datafield tag="337" ind1=" " ind2=" "><subfield code="a">unmediated</subfield><subfield code="b">n</subfield><subfield code="2">rdamedia</subfield></datafield><datafield tag="338" ind1=" " ind2=" "><subfield code="a">volume</subfield><subfield code="b">nc</subfield><subfield code="2">rdacarrier</subfield></datafield><datafield tag="591" ind1=" " ind2=" "><subfield code="b">NAL Reclamation</subfield></datafield><datafield tag="650" ind1=" " ind2="0"><subfield code="a">Horses.</subfield><subfield code="0">http://id.loc.gov/authorities/subjects/sh85062160</subfield></datafield><datafield tag="650" ind1=" " ind2="0"><subfield code="a">Horses</subfield><subfield code="x">Diseases.</subfield><subfield code="0">http://id.loc.gov/authorities/subjects/sh85062163</subfield></datafield><datafield tag="650" ind1=" " ind2="2"><subfield code="a">Horses.</subfield></datafield><datafield tag="650" ind1=" " ind2="2"><subfield code="a">Horse Diseases.</subfield></datafield><datafield tag="776" ind1="0" ind2="8"><subfield code="i">Online version:</subfield><subfield code="a">Walsh, J.H. (John Henry), 1810-1888.</subfield><subfield code="t">Horse, in the stable and the field.</subfield><subfield code="d">London, New York, G. Routledge and Sons, 1880</subfield><subfield code="w">(OCoLC)608658960</subfield></datafield><datafield tag="912" ind1=" " ind2=" "><subfield code="a">nalcatalog</subfield></datafield><datafield tag="930" ind1=" " ind2=" "><subfield code="a">00000000</subfield><subfield code="b">00000000</subfield><subfield code="c">00000000</subfield></datafield><datafield tag="946" ind1=" " ind2=" "><subfield code="a">Non-US</subfield></datafield><datafield tag="994" ind1=" " ind2=" "><subfield code="a">92</subfield><subfield code="b">AGL</subfield></datafield></record>