<record><leader>01205cam a2200337Ma 4500</leader><controlfield tag="001">9915458813407426</controlfield><controlfield tag="005">20221101213619.0</controlfield><controlfield tag="008">920620q18801899enkaf 001 0 eng d</controlfield><datafield tag="016" ind1="7" ind2=" "><subfield code="a">CAT10509450</subfield><subfield code="2">DNAL</subfield></datafield><datafield tag="035" ind1=" " ind2=" "><subfield code="a">387947</subfield></datafield><datafield tag="035" ind1=" " ind2=" "><subfield code="a">(OCoLC)15383528</subfield></datafield><datafield tag="035" ind1=" " ind2=" "><subfield code="a">(DNAL)387947-naldb-Voyager</subfield></datafield><datafield tag="040" ind1=" " ind2=" "><subfield code="a">NJR</subfield><subfield code="b">eng</subfield><subfield code="c">NJR</subfield><subfield code="d">AGL</subfield><subfield code="d">OCLCQ</subfield><subfield code="d">OCLCF</subfield><subfield code="d">OCLCQ</subfield><subfield code="d">OCLCO</subfield><subfield code="d">OCLCQ</subfield></datafield><datafield tag="049" ind1=" " ind2=" "><subfield code="a">RQIA</subfield></datafield><datafield tag="050" ind1=" " ind2="0"><subfield code="a">SF285</subfield><subfield code="b">.S5</subfield></datafield><datafield tag="070" ind1="0" ind2=" "><subfield code="a">41</subfield><subfield code="b">Sk22</subfield></datafield><datafield tag="072" ind1=" " ind2=" "><subfield code="a">L800</subfield></datafield><datafield tag="100" ind1="1" ind2=" "><subfield code="a">Skeavington, George.</subfield></datafield><datafield tag="245" ind1="1" ind2="4"><subfield code="a">The horse and modern veterinary practice :</subfield><subfield code="b">dogs, cattle, sheep, pigs, and poultry : their treatment in health
                and disease ... /</subfield><subfield code="c">by George Skeavington and John Sherer.</subfield></datafield><datafield tag="260" ind1=" " ind2=" "><subfield code="a">London :</subfield><subfield code="b">London Print. and Pub. Co.,</subfield><subfield code="c">[18--?]</subfield></datafield><datafield tag="300" ind1=" " ind2=" "><subfield code="a">xvi, 1016 pages, 32 unnumbered leaves of plates :</subfield><subfield code="b">illustrations (3 folded) ;</subfield><subfield code="c">28 cm</subfield></datafield><datafield tag="336" ind1=" " ind2=" "><subfield code="a">text</subfield><subfield code="b">txt</subfield><subfield code="2">rdacontent</subfield></datafield><datafield tag="337" ind1=" " ind2=" "><subfield code="a">unmediated</subfield><subfield code="b">n</subfield><subfield code="2">rdamedia</subfield></datafield><datafield tag="338" ind1=" " ind2=" "><subfield code="a">volume</subfield><subfield code="b">nc</subfield><subfield code="2">rdacarrier</subfield></datafield><datafield tag="591" ind1=" " ind2=" "><subfield code="b">NAL Reclamation</subfield></datafield><datafield tag="650" ind1=" " ind2="0"><subfield code="a">Veterinary medicine.</subfield><subfield code="0">http://id.loc.gov/authorities/subjects/sh85143046</subfield></datafield><datafield tag="700" ind1="1" ind2=" "><subfield code="a">Sherer, John.</subfield></datafield><datafield tag="912" ind1=" " ind2=" "><subfield code="a">nalcatalog</subfield></datafield><datafield tag="930" ind1=" " ind2=" "><subfield code="a">00000000</subfield><subfield code="b">00000000</subfield><subfield code="c">00000000</subfield></datafield><datafield tag="946" ind1=" " ind2=" "><subfield code="a">Non-US</subfield></datafield><datafield tag="994" ind1=" " ind2=" "><subfield code="a">92</subfield><subfield code="b">AGL</subfield></datafield></record>