<record><leader>02135cam a22004694a 4500</leader><controlfield tag="001">9915458898007426</controlfield><controlfield tag="005">20221101212939.0</controlfield><controlfield tag="008">040603s2004 vtua b 001 0 eng </controlfield><datafield tag="010" ind1=" " ind2=" "><subfield code="a"> 2004013153</subfield></datafield><datafield tag="016" ind1="7" ind2=" "><subfield code="a">CAT30932480</subfield><subfield code="2">DNAL</subfield></datafield><datafield tag="020" ind1=" " ind2=" "><subfield code="a">1570762945</subfield><subfield code="q">(pbk.)</subfield></datafield><datafield tag="020" ind1=" " ind2=" "><subfield code="a">9781570762949</subfield><subfield code="q">(pbk.)</subfield></datafield><datafield tag="035" ind1=" " ind2=" "><subfield code="a">932480</subfield></datafield><datafield tag="035" ind1=" " ind2=" "><subfield code="a">(OCoLC)55645014</subfield></datafield><datafield tag="035" ind1=" " ind2=" "><subfield code="a">(DNAL)932480-naldb-Voyager</subfield></datafield><datafield tag="040" ind1=" " ind2=" "><subfield code="a">DLC</subfield><subfield code="b">eng</subfield><subfield code="c">DLC</subfield><subfield code="d">AGL</subfield><subfield code="d">BAKER</subfield><subfield code="d">BTCTA</subfield><subfield code="d">MUQ</subfield><subfield code="d">IG#</subfield><subfield code="d">OCLCQ</subfield><subfield code="d">OCLCF</subfield><subfield code="d">OCLCO</subfield><subfield code="d">OCLCQ</subfield><subfield code="d">OCLCO</subfield></datafield><datafield tag="042" ind1=" " ind2=" "><subfield code="a">pcc</subfield></datafield><datafield tag="049" ind1=" " ind2=" "><subfield code="a">AGLL</subfield></datafield><datafield tag="050" ind1="1" ind2="0"><subfield code="a">SF959.R47</subfield><subfield code="b">R27 2004</subfield></datafield><datafield tag="070" ind1="0" ind2=" "><subfield code="a">SF959.R47</subfield><subfield code="b">R27 2004</subfield></datafield><datafield tag="100" ind1="1" ind2=" "><subfield code="a">Ramey, David W.</subfield></datafield><datafield tag="245" ind1="1" ind2="2"><subfield code="a">A concise guide to respiratory disease of the horse /</subfield><subfield code="c">David W. Ramey.</subfield></datafield><datafield tag="246" ind1="3" ind2="0"><subfield code="a">Respiratory disease of the horse</subfield></datafield><datafield tag="260" ind1=" " ind2=" "><subfield code="a">North Pomfret, Vt. :</subfield><subfield code="b">Trafalgar Square Pub.,</subfield><subfield code="c">2004.</subfield></datafield><datafield tag="300" ind1=" " ind2=" "><subfield code="a">viii, 94 pages :</subfield><subfield code="b">illustrations ;</subfield><subfield code="c">24 cm</subfield></datafield><datafield tag="336" ind1=" " ind2=" "><subfield code="a">text</subfield><subfield code="b">txt</subfield><subfield code="2">rdacontent</subfield></datafield><datafield tag="337" ind1=" " ind2=" "><subfield code="a">unmediated</subfield><subfield code="b">n</subfield><subfield code="2">rdamedia</subfield></datafield><datafield tag="338" ind1=" " ind2=" "><subfield code="a">volume</subfield><subfield code="b">nc</subfield><subfield code="2">rdacarrier</subfield></datafield><datafield tag="504" ind1=" " ind2=" "><subfield code="a">Includes bibliographical references (pages 88-89) and
                index.</subfield></datafield><datafield tag="505" ind1="0" ind2=" "><subfield code="a">Anatomy and physiology -- Diagnosis techniques for respiratory
                problems -- Medical treatments -- Upper airway problems -- Lower airway problems --
                Pleuropneumonia (&quot;shipping fever&quot;) -- Streptococcus equi infection
                (&quot;strangles&quot;) -- Inflammatory disease of the lower airway
                (&quot;heaves&quot;) -- Exercise-induced pulmonary hemorrhage
                (&quot;bleeding&quot;).</subfield></datafield><datafield tag="591" ind1=" " ind2=" "><subfield code="b">NAL Reclamation</subfield></datafield><datafield tag="650" ind1=" " ind2="0"><subfield code="a">Horses</subfield><subfield code="x">Diseases.</subfield><subfield code="0">http://id.loc.gov/authorities/subjects/sh85062163</subfield></datafield><datafield tag="650" ind1=" " ind2="0"><subfield code="a">Respiratory organs</subfield><subfield code="x">Diseases.</subfield><subfield code="0">http://id.loc.gov/authorities/subjects/sh85113200</subfield></datafield><datafield tag="776" ind1="0" ind2="8"><subfield code="i">Online version:</subfield><subfield code="a">Ramey, David W.</subfield><subfield code="t">Concise guide to respiratory disease of the horse.</subfield><subfield code="d">North Pomfret, Vt. : Trafalgar Square Pub., 2004</subfield><subfield code="w">(OCoLC)708188855</subfield></datafield><datafield tag="912" ind1=" " ind2=" "><subfield code="a">nalcatalog</subfield></datafield><datafield tag="930" ind1=" " ind2=" "><subfield code="a">20050301</subfield><subfield code="b">20050401</subfield><subfield code="c">00000000</subfield></datafield><datafield tag="938" ind1=" " ind2=" "><subfield code="a">Baker &amp; Taylor</subfield><subfield code="b">BKTY</subfield><subfield code="c">14.95</subfield><subfield code="d">11.21</subfield><subfield code="i">1570762945</subfield><subfield code="n">0006050377</subfield><subfield code="s">active</subfield></datafield><datafield tag="938" ind1=" " ind2=" "><subfield code="a">Baker and Taylor</subfield><subfield code="b">BTCP</subfield><subfield code="n">2004013153</subfield></datafield><datafield tag="938" ind1=" " ind2=" "><subfield code="a">Ingram</subfield><subfield code="b">INGR</subfield><subfield code="n">9781570762949</subfield></datafield><datafield tag="945" ind1=" " ind2=" "><subfield code="d">ssalt</subfield><subfield code="e">2005/03/01</subfield></datafield><datafield tag="946" ind1=" " ind2=" "><subfield code="a">Other US</subfield></datafield><datafield tag="994" ind1=" " ind2=" "><subfield code="a">92</subfield><subfield code="b">AGL</subfield></datafield></record>