<record><leader>01409cam a2200373M 4500</leader><controlfield tag="001">9915475957607426</controlfield><controlfield tag="005">20221102051210.0</controlfield><controlfield tag="008">900401s1906 dcuaf b f000 0 eng d</controlfield><datafield tag="010" ind1=" " ind2=" "><subfield code="a"> 06025581 </subfield></datafield><datafield tag="016" ind1="7" ind2=" "><subfield code="a">CAT10712480</subfield><subfield code="2">DNAL</subfield></datafield><datafield tag="035" ind1=" " ind2=" "><subfield code="a">601013</subfield></datafield><datafield tag="035" ind1=" " ind2=" "><subfield code="a">(OCoLC)1012069936</subfield></datafield><datafield tag="035" ind1=" " ind2=" "><subfield code="a">(DNAL)601013-naldb-Voyager</subfield></datafield><datafield tag="040" ind1=" " ind2=" "><subfield code="a">NJR</subfield><subfield code="b">eng</subfield><subfield code="c">NJR</subfield><subfield code="d">NJR</subfield><subfield code="d">OCLCF</subfield><subfield code="d">OCLCO</subfield><subfield code="d">OCLCQ</subfield><subfield code="d">AGL</subfield></datafield><datafield tag="049" ind1=" " ind2=" "><subfield code="a">RQIA</subfield></datafield><datafield tag="050" ind1="0" ind2="0"><subfield code="a">SF961</subfield><subfield code="b">.U6 1906</subfield></datafield><datafield tag="070" ind1="0" ind2=" "><subfield code="a">41P73</subfield><subfield code="b">1906</subfield></datafield><datafield tag="072" ind1=" " ind2=" "><subfield code="a">L800</subfield></datafield><datafield tag="110" ind1="2" ind2=" "><subfield code="a">Mounted Service School (U.S.)</subfield></datafield><datafield tag="245" ind1="1" ind2="4"><subfield code="a">The army horse in accident and disease.</subfield><subfield code="b">A manual prepared for the use of students of the Training School for
                Farriers and Horseshoers,</subfield><subfield code="c">by the Training School instructors. School of application for cavalry
                and field artillery, Fort Riley, Kansas.</subfield></datafield><datafield tag="260" ind1=" " ind2=" "><subfield code="a">Washington,</subfield><subfield code="b">Govt. Print. Off.,</subfield><subfield code="c">1906.</subfield></datafield><datafield tag="300" ind1=" " ind2=" "><subfield code="a">116 pages</subfield><subfield code="b">illustrations, 21 plates (including frontispiece)</subfield><subfield code="c">24 cm</subfield></datafield><datafield tag="336" ind1=" " ind2=" "><subfield code="a">text</subfield><subfield code="b">txt</subfield><subfield code="2">rdacontent</subfield></datafield><datafield tag="337" ind1=" " ind2=" "><subfield code="a">unmediated</subfield><subfield code="b">n</subfield><subfield code="2">rdamedia</subfield></datafield><datafield tag="338" ind1=" " ind2=" "><subfield code="a">volume</subfield><subfield code="b">nc</subfield><subfield code="2">rdacarrier</subfield></datafield><datafield tag="504" ind1=" " ind2=" "><subfield code="a">&quot;Authorities consulted&quot;: page 4.</subfield></datafield><datafield tag="591" ind1=" " ind2=" "><subfield code="b">NAL Reclamation</subfield></datafield><datafield tag="650" ind1=" " ind2="0"><subfield code="a">Horses</subfield><subfield code="x">Diseases.</subfield><subfield code="0">http://id.loc.gov/authorities/subjects/sh85062163</subfield></datafield><datafield tag="700" ind1="1" ind2=" "><subfield code="a">Plummer, Alexander,</subfield><subfield code="e">compiler.</subfield></datafield><datafield tag="700" ind1="1" ind2=" "><subfield code="a">Power, Richard H.,</subfield><subfield code="e">compiler.</subfield></datafield><datafield tag="912" ind1=" " ind2=" "><subfield code="a">nalcatalog</subfield></datafield><datafield tag="930" ind1=" " ind2=" "><subfield code="a">00000000</subfield><subfield code="b">00000000</subfield><subfield code="c">00000000</subfield></datafield><datafield tag="946" ind1=" " ind2=" "><subfield code="a">Other US</subfield></datafield><datafield tag="994" ind1=" " ind2=" "><subfield code="a">92</subfield><subfield code="b">AGL</subfield></datafield></record>