<record><leader>01105cam a2200313M 4500</leader><controlfield tag="001">9915476132307426</controlfield><controlfield tag="005">20221102050806.0</controlfield><controlfield tag="008">900401s1909 nyu 000 0 eng d</controlfield><datafield tag="016" ind1="7" ind2=" "><subfield code="a">CAT10712479</subfield><subfield code="2">DNAL</subfield></datafield><datafield tag="035" ind1=" " ind2=" "><subfield code="a">601012</subfield></datafield><datafield tag="035" ind1=" " ind2=" "><subfield code="a">(OCoLC)1289093432</subfield></datafield><datafield tag="035" ind1=" " ind2=" "><subfield code="a">(DNAL)601012-naldb-Voyager</subfield></datafield><datafield tag="040" ind1=" " ind2=" "><subfield code="a">AGL</subfield><subfield code="b">eng</subfield><subfield code="c">AGL</subfield></datafield><datafield tag="049" ind1=" " ind2=" "><subfield code="a">RQIA</subfield></datafield><datafield tag="070" ind1="0" ind2=" "><subfield code="a">41P73</subfield><subfield code="b">1909</subfield></datafield><datafield tag="072" ind1=" " ind2=" "><subfield code="a">L800</subfield></datafield><datafield tag="110" ind1="1" ind2=" "><subfield code="a">Mounted Service School (Fort Riley, Kan.)</subfield></datafield><datafield tag="245" ind1="1" ind2="4"><subfield code="a">The army horse in accident and disease, edition : 1909.</subfield><subfield code="b">A manual prepared for the use of students of the Training school for
                farriers and horseshoers,</subfield><subfield code="c">by the training school instructors. Mounted service school, Fort
                Riley, Kansas.</subfield></datafield><datafield tag="260" ind1=" " ind2=" "><subfield code="a">New York,</subfield><subfield code="b">Military pub. co.,</subfield><subfield code="c">1909.</subfield></datafield><datafield tag="300" ind1=" " ind2=" "><subfield code="a">2 p. l., 3-112 p. front., plates (2 col.)</subfield><subfield code="c">23.5cm.</subfield></datafield><datafield tag="591" ind1=" " ind2=" "><subfield code="b">NAL Reclamation</subfield></datafield><datafield tag="650" ind1=" " ind2="0"><subfield code="a">Horses</subfield><subfield code="x">Diseases.</subfield></datafield><datafield tag="700" ind1="1" ind2=" "><subfield code="a">Plummer, Alexander.</subfield></datafield><datafield tag="700" ind1="1" ind2=" "><subfield code="a">Jewell, Charles H.</subfield></datafield><datafield tag="700" ind1="1" ind2=" "><subfield code="a">Danford, Robert Melville,</subfield><subfield code="d">1879-</subfield></datafield><datafield tag="912" ind1=" " ind2=" "><subfield code="a">nalcatalog</subfield></datafield><datafield tag="930" ind1=" " ind2=" "><subfield code="a">00000000</subfield><subfield code="b">00000000</subfield><subfield code="c">00000000</subfield></datafield><datafield tag="946" ind1=" " ind2=" "><subfield code="a">Other US</subfield></datafield><datafield tag="994" ind1=" " ind2=" "><subfield code="a">92</subfield><subfield code="b">AGL</subfield></datafield></record>