<record><leader>01883cam a2200469I 4500</leader><controlfield tag="001">9915484657907426</controlfield><controlfield tag="005">20221102051336.0</controlfield><controlfield tag="007">ta</controlfield><controlfield tag="008">920620s1915 paua 000 0 eng </controlfield><datafield tag="010" ind1=" " ind2=" "><subfield code="a"> 15017773 </subfield></datafield><datafield tag="016" ind1="7" ind2=" "><subfield code="a">CAT10505627</subfield><subfield code="2">DNAL</subfield></datafield><datafield tag="016" ind1="7" ind2=" "><subfield code="a">CAT10683669</subfield><subfield code="2">DNAL</subfield></datafield><datafield tag="019" ind1=" " ind2=" "><subfield code="a">1087151980</subfield></datafield><datafield tag="035" ind1=" " ind2=" "><subfield code="a">401764</subfield></datafield><datafield tag="035" ind1=" " ind2=" "><subfield code="a">(OCoLC)05003943</subfield><subfield code="z">(OCoLC)1087151980</subfield></datafield><datafield tag="035" ind1=" " ind2=" "><subfield code="a">(DNAL)401764-naldb-Voyager</subfield></datafield><datafield tag="035" ind1=" " ind2=" "><subfield code="z">(OCoLC)1087151980</subfield></datafield><datafield tag="040" ind1=" " ind2=" "><subfield code="a">DLC</subfield><subfield code="b">eng</subfield><subfield code="c">CLE</subfield><subfield code="d">OCLCQ</subfield><subfield code="d">AGL</subfield><subfield code="d">KRTAS</subfield><subfield code="d">OCLCF</subfield><subfield code="d">OCLCO</subfield><subfield code="d">OCLCQ</subfield><subfield code="d">IPL</subfield><subfield code="d">PAU</subfield><subfield code="d">U3G</subfield></datafield><datafield tag="049" ind1=" " ind2=" "><subfield code="a">RQIA</subfield></datafield><datafield tag="050" ind1=" " ind2="0"><subfield code="a">SF951</subfield><subfield code="b">.H2</subfield></datafield><datafield tag="070" ind1="0" ind2=" "><subfield code="a">42</subfield><subfield code="b">H11</subfield></datafield><datafield tag="072" ind1=" " ind2=" "><subfield code="a">L600</subfield></datafield><datafield tag="072" ind1=" " ind2=" "><subfield code="a">L830</subfield></datafield><datafield tag="100" ind1="1" ind2=" "><subfield code="a">Hadley, Frederick Brown,</subfield><subfield code="d">1880-</subfield><subfield code="0">http://id.loc.gov/authorities/names/nr2005000215</subfield></datafield><datafield tag="245" ind1="1" ind2="4"><subfield code="a">The horse in health and disease;</subfield><subfield code="b">a text-book pertaining to veterinary science for agricultural
                students,</subfield><subfield code="c">by Frederick B. Hadley.</subfield></datafield><datafield tag="260" ind1=" " ind2=" "><subfield code="a">Philadelphia,</subfield><subfield code="a">London,</subfield><subfield code="b">W.B. Saunders Co.,</subfield><subfield code="c">1915.</subfield></datafield><datafield tag="300" ind1=" " ind2=" "><subfield code="a">1 preliminary leaf, 9-261 pages</subfield><subfield code="b">frontispiece, illustrations</subfield><subfield code="c">21 cm</subfield></datafield><datafield tag="336" ind1=" " ind2=" "><subfield code="a">text</subfield><subfield code="b">txt</subfield><subfield code="2">rdacontent</subfield></datafield><datafield tag="337" ind1=" " ind2=" "><subfield code="a">unmediated</subfield><subfield code="b">n</subfield><subfield code="2">rdamedia</subfield></datafield><datafield tag="338" ind1=" " ind2=" "><subfield code="a">volume</subfield><subfield code="b">nc</subfield><subfield code="2">rdacarrier</subfield></datafield><datafield tag="583" ind1="1" ind2=" "><subfield code="a">committed to retain</subfield><subfield code="c">20170930</subfield><subfield code="d">20421231</subfield><subfield code="f">HathiTrust</subfield><subfield code="u">https://www.hathitrust.org/shared_print_program</subfield><subfield code="5">PU</subfield></datafield><datafield tag="591" ind1=" " ind2=" "><subfield code="b">NAL Reclamation</subfield></datafield><datafield tag="650" ind1=" " ind2="0"><subfield code="a">Horses</subfield><subfield code="x">Anatomy.</subfield><subfield code="0">http://id.loc.gov/authorities/subjects/sh85062162</subfield></datafield><datafield tag="650" ind1=" " ind2="0"><subfield code="a">Horses</subfield><subfield code="x">Diseases.</subfield><subfield code="0">http://id.loc.gov/authorities/subjects/sh85062163</subfield></datafield><datafield tag="655" ind1=" " ind2="7"><subfield code="a">Autograph.</subfield><subfield code="2">rbprov</subfield></datafield><datafield tag="655" ind1=" " ind2="7"><subfield code="a">Publishers' advertisements.</subfield><subfield code="2">rbgenr</subfield></datafield><datafield tag="776" ind1="0" ind2="8"><subfield code="i">Online version:</subfield><subfield code="a">Hadley, Frederick Brown, 1880-</subfield><subfield code="t">Horse in health and disease.</subfield><subfield code="d">Philadelphia, London, W.B. Saunders Co., 1915</subfield><subfield code="w">(OCoLC)761268347</subfield></datafield><datafield tag="912" ind1=" " ind2=" "><subfield code="a">nalcatalog</subfield></datafield><datafield tag="930" ind1=" " ind2=" "><subfield code="a">00000000</subfield><subfield code="b">00000000</subfield><subfield code="c">00000000</subfield></datafield><datafield tag="938" ind1=" " ind2=" "><subfield code="a">Kirtas Technologies, Inc.</subfield><subfield code="b">KRTS</subfield><subfield code="n">278970</subfield></datafield><datafield tag="946" ind1=" " ind2=" "><subfield code="a">Other US</subfield></datafield><datafield tag="994" ind1=" " ind2=" "><subfield code="a">92</subfield><subfield code="b">AGL</subfield></datafield></record>