<record><leader>01217cam a2200397I 4500</leader><controlfield tag="001">9915489887907426</controlfield><controlfield tag="005">20221102120338.0</controlfield><controlfield tag="008">750801s1974 enka 000 0 eng </controlfield><datafield tag="016" ind1="7" ind2=" "><subfield code="a">CAT75658194</subfield><subfield code="2">DNAL</subfield></datafield><datafield tag="020" ind1=" " ind2=" "><subfield code="a">0851312071</subfield></datafield><datafield tag="020" ind1=" " ind2=" "><subfield code="a">9780851312071</subfield></datafield><datafield tag="035" ind1=" " ind2=" "><subfield code="a">76281</subfield></datafield><datafield tag="035" ind1=" " ind2=" "><subfield code="a">(OCoLC)01343745</subfield></datafield><datafield tag="035" ind1=" " ind2=" "><subfield code="a">(DNAL)76281-naldb-Voyager</subfield></datafield><datafield tag="040" ind1=" " ind2=" "><subfield code="a">AGL</subfield><subfield code="b">eng</subfield><subfield code="c">AGL</subfield><subfield code="d">OCLCQ</subfield><subfield code="d">AU@</subfield><subfield code="d">OCLCO</subfield><subfield code="d">OCLCF</subfield><subfield code="d">OCLCQ</subfield></datafield><datafield tag="049" ind1=" " ind2=" "><subfield code="a">AGLL</subfield></datafield><datafield tag="050" ind1=" " ind2="0"><subfield code="a">SF955</subfield><subfield code="b">.C6 1974</subfield></datafield><datafield tag="070" ind1=" " ind2=" "><subfield code="a">SF955.C65 1974</subfield></datafield><datafield tag="072" ind1=" " ind2=" "><subfield code="a">2505</subfield></datafield><datafield tag="072" ind1=" " ind2=" "><subfield code="a">3015</subfield></datafield><datafield tag="100" ind1="1" ind2=" "><subfield code="a">Codrington, William Stephen,</subfield><subfield code="d">1901-</subfield></datafield><datafield tag="245" ind1="1" ind2="0"><subfield code="a">Know your horse;</subfield><subfield code="b">a guide to selection and care in health and disease.</subfield></datafield><datafield tag="250" ind1=" " ind2=" "><subfield code="a">[6th ed. rev.].</subfield></datafield><datafield tag="260" ind1=" " ind2=" "><subfield code="a">London,</subfield><subfield code="b">J.A. Allen</subfield><subfield code="c">[1974]</subfield></datafield><datafield tag="300" ind1=" " ind2=" "><subfield code="a">220 pages</subfield><subfield code="b">illustrations</subfield></datafield><datafield tag="336" ind1=" " ind2=" "><subfield code="a">text</subfield><subfield code="b">txt</subfield><subfield code="2">rdacontent</subfield></datafield><datafield tag="337" ind1=" " ind2=" "><subfield code="a">unmediated</subfield><subfield code="b">n</subfield><subfield code="2">rdamedia</subfield></datafield><datafield tag="338" ind1=" " ind2=" "><subfield code="a">volume</subfield><subfield code="b">nc</subfield><subfield code="2">rdacarrier</subfield></datafield><datafield tag="591" ind1=" " ind2=" "><subfield code="b">NAL Reclamation</subfield></datafield><datafield tag="650" ind1=" " ind2="0"><subfield code="a">Horses</subfield><subfield code="x">Diseases.</subfield><subfield code="0">http://id.loc.gov/authorities/subjects/sh85062163</subfield></datafield><datafield tag="841" ind1=" " ind2=" "><subfield code="a">x </subfield><subfield code="b">8706030u 0 4 uu 1870603</subfield><subfield code="e">z</subfield></datafield><datafield tag="852" ind1=" " ind2=" "><subfield code="a">DNAL</subfield><subfield code="i">SF955.C65 1974</subfield></datafield><datafield tag="912" ind1=" " ind2=" "><subfield code="a">nalcatalog</subfield></datafield><datafield tag="930" ind1="1" ind2="0"><subfield code="a">00000000</subfield><subfield code="b">00000000</subfield><subfield code="c">00000000</subfield></datafield><datafield tag="946" ind1=" " ind2=" "><subfield code="a">Non-US</subfield></datafield><datafield tag="994" ind1=" " ind2=" "><subfield code="a">92</subfield><subfield code="b">AGL</subfield></datafield></record>