<record><leader>01184cam a22003137 4500</leader><controlfield tag="001">9915498070207426</controlfield><controlfield tag="005">20221102113029.0</controlfield><controlfield tag="008">920620s1884 ilua 000 0 eng d</controlfield><datafield tag="016" ind1="7" ind2=" "><subfield code="a">CAT10509313</subfield><subfield code="2">DNAL</subfield></datafield><datafield tag="035" ind1=" " ind2=" "><subfield code="a">374538</subfield></datafield><datafield tag="035" ind1=" " ind2=" "><subfield code="a">(OCoLC)14979837</subfield></datafield><datafield tag="035" ind1=" " ind2=" "><subfield code="a">(DNAL)374538-naldb-Voyager</subfield></datafield><datafield tag="040" ind1=" " ind2=" "><subfield code="a">JFK</subfield><subfield code="b">eng</subfield><subfield code="c">JFK</subfield><subfield code="d">OCLCQ</subfield><subfield code="d">AGL</subfield><subfield code="d">OCLCQ</subfield></datafield><datafield tag="049" ind1=" " ind2=" "><subfield code="a">RQIA</subfield></datafield><datafield tag="070" ind1="0" ind2=" "><subfield code="a">41</subfield><subfield code="b">D922</subfield></datafield><datafield tag="072" ind1=" " ind2=" "><subfield code="a">L830</subfield></datafield><datafield tag="100" ind1="1" ind2=" "><subfield code="a">Dunnington, John C.</subfield></datafield><datafield tag="245" ind1="1" ind2="4"><subfield code="a">The horseman's friend:</subfield><subfield code="b">giving the causes and symptoms of diseases the horse is subject to
                and a cure for each and every disease, with over one hundred recipes, the
                ingredients of which are easily obtained, embodying the results of over twenty years
                investigation and veterinary practice.</subfield><subfield code="c">By John C. Dunnington &amp; Son, Washington, Ill.</subfield></datafield><datafield tag="260" ind1=" " ind2=" "><subfield code="a">Peoria, Ill.,</subfield><subfield code="b">J.W. Franks &amp; Sons,</subfield><subfield code="c">1884.</subfield></datafield><datafield tag="300" ind1=" " ind2=" "><subfield code="a">111 pages</subfield><subfield code="b">1 illustration</subfield><subfield code="c">19 cm</subfield></datafield><datafield tag="336" ind1=" " ind2=" "><subfield code="a">text</subfield><subfield code="b">txt</subfield><subfield code="2">rdacontent</subfield></datafield><datafield tag="337" ind1=" " ind2=" "><subfield code="a">unmediated</subfield><subfield code="b">n</subfield><subfield code="2">rdamedia</subfield></datafield><datafield tag="338" ind1=" " ind2=" "><subfield code="a">volume</subfield><subfield code="b">nc</subfield><subfield code="2">rdacarrier</subfield></datafield><datafield tag="591" ind1=" " ind2=" "><subfield code="b">NAL Reclamation</subfield></datafield><datafield tag="650" ind1=" " ind2="0"><subfield code="a">Horses</subfield><subfield code="x">Diseases.</subfield></datafield><datafield tag="912" ind1=" " ind2=" "><subfield code="a">nalcatalog</subfield></datafield><datafield tag="930" ind1=" " ind2=" "><subfield code="a">00000000</subfield><subfield code="b">00000000</subfield><subfield code="c">00000000</subfield></datafield><datafield tag="946" ind1=" " ind2=" "><subfield code="a">Other US</subfield></datafield><datafield tag="994" ind1=" " ind2=" "><subfield code="a">92</subfield><subfield code="b">AGL</subfield></datafield></record>