<record><leader>01199cam a2200385I 4500</leader><controlfield tag="001">9915498070507426</controlfield><controlfield tag="005">20221102113029.0</controlfield><controlfield tag="008">920620t19561955enka 000 0 eng </controlfield><datafield tag="010" ind1=" " ind2=" "><subfield code="a"> 56003482 </subfield></datafield><datafield tag="016" ind1="7" ind2=" "><subfield code="a">CAT10504537</subfield><subfield code="2">DNAL</subfield></datafield><datafield tag="035" ind1=" " ind2=" "><subfield code="a">374186</subfield></datafield><datafield tag="035" ind1=" " ind2=" "><subfield code="a">(OCoLC)03254510</subfield></datafield><datafield tag="035" ind1=" " ind2=" "><subfield code="a">(DNAL)374186-naldb-Voyager</subfield></datafield><datafield tag="040" ind1=" " ind2=" "><subfield code="a">DLC</subfield><subfield code="b">eng</subfield><subfield code="c">OCP</subfield><subfield code="d">OCLCQ</subfield><subfield code="d">AGL</subfield><subfield code="d">OCLCF</subfield><subfield code="d">OCLCQ</subfield><subfield code="d">OCLCO</subfield></datafield><datafield tag="049" ind1=" " ind2=" "><subfield code="a">RQIA</subfield></datafield><datafield tag="050" ind1="1" ind2="0"><subfield code="a">SF955</subfield></datafield><datafield tag="070" ind1="0" ind2=" "><subfield code="a">41</subfield><subfield code="b">C64</subfield></datafield><datafield tag="072" ind1=" " ind2=" "><subfield code="a">L800</subfield></datafield><datafield tag="072" ind1=" " ind2=" "><subfield code="a">L830</subfield></datafield><datafield tag="072" ind1=" " ind2=" "><subfield code="a">L400</subfield></datafield><datafield tag="100" ind1="1" ind2=" "><subfield code="a">Codrington, William Stephen,</subfield><subfield code="d">1901-</subfield></datafield><datafield tag="245" ind1="1" ind2="0"><subfield code="a">Know your horse;</subfield><subfield code="b">a guide to selection and care in health and disease.</subfield></datafield><datafield tag="250" ind1=" " ind2=" "><subfield code="a">[1st American ed.].</subfield></datafield><datafield tag="260" ind1=" " ind2=" "><subfield code="a">London,</subfield><subfield code="b">Coward-McCann</subfield><subfield code="c">[1956, ©1955]</subfield></datafield><datafield tag="300" ind1=" " ind2=" "><subfield code="a">178 pages</subfield><subfield code="b">illustrations</subfield><subfield code="c">23 cm</subfield></datafield><datafield tag="336" ind1=" " ind2=" "><subfield code="a">text</subfield><subfield code="b">txt</subfield><subfield code="2">rdacontent</subfield></datafield><datafield tag="337" ind1=" " ind2=" "><subfield code="a">unmediated</subfield><subfield code="b">n</subfield><subfield code="2">rdamedia</subfield></datafield><datafield tag="338" ind1=" " ind2=" "><subfield code="a">volume</subfield><subfield code="b">nc</subfield><subfield code="2">rdacarrier</subfield></datafield><datafield tag="591" ind1=" " ind2=" "><subfield code="b">NAL Reclamation</subfield></datafield><datafield tag="650" ind1=" " ind2="0"><subfield code="a">Horses</subfield><subfield code="x">Diseases.</subfield><subfield code="0">http://id.loc.gov/authorities/subjects/sh85062163</subfield></datafield><datafield tag="650" ind1=" " ind2="0"><subfield code="a">Horses.</subfield><subfield code="0">http://id.loc.gov/authorities/subjects/sh85062160</subfield></datafield><datafield tag="912" ind1=" " ind2=" "><subfield code="a">nalcatalog</subfield></datafield><datafield tag="930" ind1=" " ind2=" "><subfield code="a">00000000</subfield><subfield code="b">00000000</subfield><subfield code="c">00000000</subfield></datafield><datafield tag="946" ind1=" " ind2=" "><subfield code="a">Other US</subfield></datafield><datafield tag="994" ind1=" " ind2=" "><subfield code="a">92</subfield><subfield code="b">AGL</subfield></datafield></record>