<record><leader>02294cam a2200529Ma 4500</leader><controlfield tag="001">9915504091007426</controlfield><controlfield tag="005">20221102072245.0</controlfield><controlfield tag="008">950127s1994 fr b 100 0 eng d</controlfield><datafield tag="016" ind1="7" ind2=" "><subfield code="a">CAT10697505</subfield><subfield code="2">DNAL</subfield></datafield><datafield tag="020" ind1=" " ind2=" "><subfield code="a">9290443480</subfield></datafield><datafield tag="020" ind1=" " ind2=" "><subfield code="a">9789290443483</subfield></datafield><datafield tag="035" ind1=" " ind2=" "><subfield code="a">770522</subfield></datafield><datafield tag="035" ind1=" " ind2=" "><subfield code="a">(OCoLC)32324369</subfield></datafield><datafield tag="035" ind1=" " ind2=" "><subfield code="a">(DNAL)770522-naldb-Voyager</subfield></datafield><datafield tag="040" ind1=" " ind2=" "><subfield code="a">MNP</subfield><subfield code="b">eng</subfield><subfield code="c">MNP</subfield><subfield code="d">MMU</subfield><subfield code="d">AGL</subfield><subfield code="d">CUX</subfield><subfield code="d">OCL</subfield><subfield code="d">OCLCQ</subfield><subfield code="d">NZWAG</subfield><subfield code="d">UPM</subfield><subfield code="d">OCLCQ</subfield><subfield code="d">OCLCF</subfield><subfield code="d">OCLCQ</subfield><subfield code="d">OCLCO</subfield><subfield code="d">OCL</subfield><subfield code="d">OCLCQ</subfield><subfield code="d">COF</subfield></datafield><datafield tag="043" ind1=" " ind2=" "><subfield code="a">f------</subfield></datafield><datafield tag="049" ind1=" " ind2=" "><subfield code="a">AGLL</subfield></datafield><datafield tag="050" ind1="1" ind2="0"><subfield code="a">SF793</subfield><subfield code="b">.O44 1994</subfield></datafield><datafield tag="070" ind1="0" ind2=" "><subfield code="a">SF793.O54</subfield><subfield code="b">1994</subfield></datafield><datafield tag="072" ind1=" " ind2=" "><subfield code="a">L821</subfield></datafield><datafield tag="111" ind1="2" ind2=" "><subfield code="a">OIE Scientific Conference</subfield><subfield code="d">(1994 :</subfield><subfield code="c">Gaborone, Botswana)</subfield><subfield code="0">http://id.loc.gov/authorities/names/no95060698</subfield></datafield><datafield tag="245" ind1="1" ind2="0"><subfield code="a">Foot and mouth disease, African horse sickness and contagious bovine
                pleuropneumonia :</subfield><subfield code="b">summaries and conclusions /</subfield><subfield code="c">OIE Scientific Conference on the control of foot and mouth disease,
                African horse sickness and contagious bovine pleuropneumonia, Gaborone (Botswana),
                20-23 April 1994.</subfield></datafield><datafield tag="260" ind1=" " ind2=" "><subfield code="a">Paris, France :</subfield><subfield code="b">OIE,</subfield><subfield code="c">©1994.</subfield></datafield><datafield tag="300" ind1=" " ind2=" "><subfield code="a">xii, 68 pages ;</subfield><subfield code="c">21 cm</subfield></datafield><datafield tag="336" ind1=" " ind2=" "><subfield code="a">text</subfield><subfield code="b">txt</subfield><subfield code="2">rdacontent</subfield></datafield><datafield tag="337" ind1=" " ind2=" "><subfield code="a">unmediated</subfield><subfield code="b">n</subfield><subfield code="2">rdamedia</subfield></datafield><datafield tag="338" ind1=" " ind2=" "><subfield code="a">volume</subfield><subfield code="b">nc</subfield><subfield code="2">rdacarrier</subfield></datafield><datafield tag="504" ind1=" " ind2=" "><subfield code="a">Includes bibliographical references.</subfield></datafield><datafield tag="591" ind1=" " ind2=" "><subfield code="b">NAL Reclamation</subfield></datafield><datafield tag="650" ind1=" " ind2="0"><subfield code="a">Foot-and-mouth disease</subfield><subfield code="v">Congresses.</subfield></datafield><datafield tag="650" ind1=" " ind2="0"><subfield code="a">Foot-and-mouth disease</subfield><subfield code="z">Africa</subfield><subfield code="v">Congresses.</subfield></datafield><datafield tag="650" ind1=" " ind2="0"><subfield code="a">African horse sickness</subfield><subfield code="v">Congresses.</subfield></datafield><datafield tag="650" ind1=" " ind2="0"><subfield code="a">African horse sickness</subfield><subfield code="z">Africa</subfield><subfield code="v">Congresses.</subfield></datafield><datafield tag="650" ind1=" " ind2="0"><subfield code="a">Contagious bovine pleuropneumonia</subfield><subfield code="v">Congresses.</subfield></datafield><datafield tag="650" ind1=" " ind2="0"><subfield code="a">Contagious bovine pleuropneumonia</subfield><subfield code="z">Africa</subfield><subfield code="v">Congresses.</subfield></datafield><datafield tag="651" ind1=" " ind2="7"><subfield code="a">Africa.</subfield><subfield code="2">fast</subfield><subfield code="0">(OCoLC)fst01239509</subfield></datafield><datafield tag="650" ind1=" " ind2="2"><subfield code="a">Foot-and-Mouth Disease</subfield><subfield code="x">congresses.</subfield></datafield><datafield tag="650" ind1=" " ind2="2"><subfield code="a">African Horse Sickness</subfield><subfield code="x">congresses.</subfield></datafield><datafield tag="650" ind1=" " ind2="2"><subfield code="a">Pleuropneumonia, Contagious</subfield><subfield code="x">veterinary</subfield><subfield code="x">congresses.</subfield></datafield><datafield tag="655" ind1=" " ind2="7"><subfield code="a">Conference papers and proceedings.</subfield><subfield code="2">fast</subfield><subfield code="0">(OCoLC)fst01423772</subfield></datafield><datafield tag="710" ind1="2" ind2=" "><subfield code="a">International Office of Epizootics.</subfield><subfield code="0">http://id.loc.gov/authorities/names/n79104279</subfield></datafield><datafield tag="710" ind1="2" ind2=" "><subfield code="a">Botswana Vaccine Institute.</subfield><subfield code="0">http://id.loc.gov/authorities/names/no95060700</subfield></datafield><datafield tag="912" ind1=" " ind2=" "><subfield code="a">nalcatalog</subfield></datafield><datafield tag="930" ind1=" " ind2=" "><subfield code="a">19960102</subfield><subfield code="b">19960111</subfield><subfield code="c">00000000</subfield></datafield><datafield tag="945" ind1=" " ind2=" "><subfield code="d">dmn</subfield><subfield code="e">95/11/30</subfield><subfield code="f">dmn</subfield><subfield code="g">95/12/12</subfield></datafield><datafield tag="946" ind1=" " ind2=" "><subfield code="a">Non-US</subfield></datafield><datafield tag="994" ind1=" " ind2=" "><subfield code="a">92</subfield><subfield code="b">AGL</subfield></datafield></record>