<record><leader>03720cam a22005774a 4500</leader><controlfield tag="001">9915507395107426</controlfield><controlfield tag="005">20221102114456.0</controlfield><controlfield tag="008">000928s2000 mdua b 001 0 eng </controlfield><datafield tag="010" ind1=" " ind2=" "><subfield code="a"> 00042010 </subfield></datafield><datafield tag="016" ind1="7" ind2=" "><subfield code="a">CAT11083042</subfield><subfield code="2">DNAL</subfield></datafield><datafield tag="019" ind1=" " ind2=" "><subfield code="a">59540853</subfield><subfield code="a">1022682066</subfield></datafield><datafield tag="020" ind1=" " ind2=" "><subfield code="a">1572921544</subfield><subfield code="q">(cloth ;</subfield><subfield code="q">alk. paper)</subfield></datafield><datafield tag="020" ind1=" " ind2=" "><subfield code="a">9781572921542</subfield><subfield code="q">(cloth ;</subfield><subfield code="q">alk. paper)</subfield></datafield><datafield tag="020" ind1=" " ind2=" "><subfield code="a">1572921536</subfield><subfield code="q">(pbk. ;</subfield><subfield code="q">alk. paper)</subfield></datafield><datafield tag="020" ind1=" " ind2=" "><subfield code="a">9781572921535</subfield><subfield code="q">(pbk. ;</subfield><subfield code="q">alk. paper)</subfield></datafield><datafield tag="035" ind1=" " ind2=" "><subfield code="a">856333</subfield></datafield><datafield tag="035" ind1=" " ind2=" "><subfield code="a">(OCoLC)44131805</subfield><subfield code="z">(OCoLC)59540853</subfield><subfield code="z">(OCoLC)1022682066</subfield></datafield><datafield tag="035" ind1=" " ind2=" "><subfield code="a">(DNAL)856333-naldb-Voyager</subfield></datafield><datafield tag="035" ind1=" " ind2=" "><subfield code="z">(OCoLC)59540853</subfield><subfield code="z">(OCoLC)1022682066</subfield></datafield><datafield tag="040" ind1=" " ind2=" "><subfield code="a">DLC</subfield><subfield code="b">eng</subfield><subfield code="c">DLC</subfield><subfield code="d">YDX</subfield><subfield code="d">CUX</subfield><subfield code="d">BAKER</subfield><subfield code="d">BTCTA</subfield><subfield code="d">YDXCP</subfield><subfield code="d">EXW</subfield><subfield code="d">IG#</subfield><subfield code="d">OCLCF</subfield><subfield code="d">OCLCO</subfield><subfield code="d">OCLCQ</subfield><subfield code="d">WLU</subfield><subfield code="d">CSJ</subfield><subfield code="d">OCLCQ</subfield><subfield code="d">AGL</subfield></datafield><datafield tag="042" ind1=" " ind2=" "><subfield code="a">pcc</subfield></datafield><datafield tag="049" ind1=" " ind2=" "><subfield code="a">AGLL</subfield></datafield><datafield tag="050" ind1="0" ind2="0"><subfield code="a">QL85</subfield><subfield code="b">.S6 2000</subfield></datafield><datafield tag="070" ind1="0" ind2=" "><subfield code="a">QL85</subfield><subfield code="b">.S6 2000</subfield></datafield><datafield tag="072" ind1=" " ind2=" "><subfield code="a">X800</subfield></datafield><datafield tag="072" ind1=" " ind2=" "><subfield code="a">L800</subfield></datafield><datafield tag="072" ind1=" " ind2=" "><subfield code="a">X380</subfield></datafield><datafield tag="100" ind1="1" ind2=" "><subfield code="a">Soave, Orland A.</subfield></datafield><datafield tag="245" ind1="1" ind2="4"><subfield code="a">The animal/human bond :</subfield><subfield code="b">a cultural survey /</subfield><subfield code="c">Orland Soave.</subfield></datafield><datafield tag="250" ind1=" " ind2=" "><subfield code="a">2nd ed.</subfield></datafield><datafield tag="260" ind1=" " ind2=" "><subfield code="a">Lanham :</subfield><subfield code="b">Austin &amp; Winfield Publishers,</subfield><subfield code="c">©2000.</subfield></datafield><datafield tag="300" ind1=" " ind2=" "><subfield code="a">ix, 240 pages :</subfield><subfield code="b">illustrations ;</subfield><subfield code="c">24 cm</subfield></datafield><datafield tag="336" ind1=" " ind2=" "><subfield code="a">text</subfield><subfield code="b">txt</subfield><subfield code="2">rdacontent</subfield></datafield><datafield tag="337" ind1=" " ind2=" "><subfield code="a">unmediated</subfield><subfield code="b">n</subfield><subfield code="2">rdamedia</subfield></datafield><datafield tag="338" ind1=" " ind2=" "><subfield code="a">volume</subfield><subfield code="b">nc</subfield><subfield code="2">rdacarrier</subfield></datafield><datafield tag="504" ind1=" " ind2=" "><subfield code="a">Includes bibliographical references (pages 217-233) and
                index.</subfield></datafield><datafield tag="505" ind1="0" ind2="0"><subfield code="t">Hunter to Villager --</subfield><subfield code="t">Domestication of Animals --</subfield><subfield code="t">Sheep and Goats --</subfield><subfield code="t">Cattle --</subfield><subfield code="t">Swine --</subfield><subfield code="t">The Horse --</subfield><subfield code="t">The Horseshoe as a Symbol and in Superstition --</subfield><subfield code="t">The Dog --</subfield><subfield code="t">Cats --</subfield><subfield code="t">The Mouse --</subfield><subfield code="t">Animals in the Bible --</subfield><subfield code="t">Clean and Unclean Animals in the Bible --</subfield><subfield code="t">Mythical Animals --</subfield><subfield code="t">Dragons and Serpents --</subfield><subfield code="t">The Ouroboros --</subfield><subfield code="t">The Hydra --</subfield><subfield code="t">The Manticora --</subfield><subfield code="t">The Amphisbaena --</subfield><subfield code="t">Centaurs --</subfield><subfield code="t">The Griffin --</subfield><subfield code="t">The Unicorn --</subfield><subfield code="t">The Phoenix --</subfield><subfield code="t">The Sphinx --</subfield><subfield code="t">The Harpy --</subfield><subfield code="t">Pegasus --</subfield><subfield code="t">Minotaur --</subfield><subfield code="t">Superstitions and Symbols --</subfield><subfield code="t">The Zodiac --</subfield><subfield code="t">Animal Superstitions --</subfield><subfield code="t">Lawyers for Animals --</subfield><subfield code="t">Human Attitudes Toward Animals and Advantages of Animal/Human
                Relationships --</subfield><subfield code="t">Protection of Animals --</subfield><subfield code="t">Historical Antecedents --</subfield><subfield code="t">Animal Rights --</subfield><subfield code="t">Factors Against Animal Rights: Legal View --</subfield><subfield code="t">Federal Laws Protecting Animals --</subfield><subfield code="t">The Animal Welfare Act --</subfield><subfield code="t">Horse Protection Act --</subfield><subfield code="t">Wild Horse and Burro Protection Act --</subfield><subfield code="t">Eagle Protection Act --</subfield><subfield code="t">Migratory Bird Treaty Act --</subfield><subfield code="t">Humane Slaughter Act --</subfield><subfield code="t">Endangered Species Act --</subfield><subfield code="t">Marine Mammal Protection Act (MMPA) --</subfield><subfield code="t">Birds Killed by Oil --</subfield><subfield code="t">Cruelty to Animals --</subfield><subfield code="t">Court Cases Involving Cruelty to Animals --</subfield><subfield code="t">Sacrifice of Animals --</subfield><subfield code="t">Alternatives to the Use of Animals for Research --</subfield><subfield code="t">Contributions of Animals --</subfield><subfield code="t">Animal Products --</subfield><subfield code="t">Companion and Assistance Animals --</subfield><subfield code="t">Animals for Therapy --</subfield><subfield code="t">Assistance Dogs --</subfield><subfield code="t">Dogs for the Blind --</subfield><subfield code="t">Dogs for the Deaf --</subfield><subfield code="t">Search and Rescue Dogs --</subfield><subfield code="t">Animals in War --</subfield><subfield code="t">Dogs --</subfield><subfield code="t">Horse Racing --</subfield><subfield code="t">Sled Dogs --</subfield><subfield code="t">Dog Races --</subfield><subfield code="t">Bullfighting --</subfield><subfield code="t">Cockfighting --</subfield><subfield code="t">Falconry --</subfield><subfield code="t">Hunting --</subfield><subfield code="t">Animal Disease Models.</subfield></datafield><datafield tag="591" ind1=" " ind2=" "><subfield code="b">NAL Reclamation</subfield></datafield><datafield tag="650" ind1=" " ind2="0"><subfield code="a">Human-animal relationships.</subfield><subfield code="0">http://id.loc.gov/authorities/subjects/sh85062838</subfield></datafield><datafield tag="650" ind1="1" ind2="2"><subfield code="a">Human-Animal Bond.</subfield></datafield><datafield tag="776" ind1="0" ind2="8"><subfield code="i">Online version:</subfield><subfield code="a">Soave, Orland A.</subfield><subfield code="t">Animal/human bond.</subfield><subfield code="b">2nd ed.</subfield><subfield code="d">Lanham : Austin &amp; Winfield Publishers, ©2000</subfield><subfield code="w">(OCoLC)669384921</subfield></datafield><datafield tag="912" ind1=" " ind2=" "><subfield code="a">nalcatalog</subfield></datafield><datafield tag="930" ind1=" " ind2=" "><subfield code="a">20001002</subfield><subfield code="b">20001005</subfield><subfield code="c">00000000</subfield></datafield><datafield tag="938" ind1=" " ind2=" "><subfield code="a">Baker &amp; Taylor</subfield><subfield code="b">BKTY</subfield><subfield code="c">40.00</subfield><subfield code="d">40.00</subfield><subfield code="i">1572921536</subfield><subfield code="n">0003541323</subfield><subfield code="s">active</subfield></datafield><datafield tag="938" ind1=" " ind2=" "><subfield code="a">Baker &amp; Taylor</subfield><subfield code="b">BKTY</subfield><subfield code="c">61.00</subfield><subfield code="d">61.00</subfield><subfield code="i">1572921544</subfield><subfield code="n">0003541322</subfield><subfield code="s">active</subfield></datafield><datafield tag="938" ind1=" " ind2=" "><subfield code="a">Baker and Taylor</subfield><subfield code="b">BTCP</subfield><subfield code="n">00042010</subfield></datafield><datafield tag="938" ind1=" " ind2=" "><subfield code="a">Ingram</subfield><subfield code="b">INGR</subfield><subfield code="n">9781572921542</subfield></datafield><datafield tag="938" ind1=" " ind2=" "><subfield code="a">YBP Library Services</subfield><subfield code="b">YANK</subfield><subfield code="n">1689045</subfield></datafield><datafield tag="945" ind1=" " ind2=" "><subfield code="a">Promptcat </subfield></datafield><datafield tag="946" ind1=" " ind2=" "><subfield code="a">Other US</subfield></datafield><datafield tag="994" ind1=" " ind2=" "><subfield code="a">92</subfield><subfield code="b">AGL</subfield></datafield></record>