<record><leader>01289cam a2200337I 4500</leader><controlfield tag="001">9915549962407426</controlfield><controlfield tag="005">20221102193741.0</controlfield><controlfield tag="008">920620s1879 nyua 000 0 eng c</controlfield><datafield tag="010" ind1=" " ind2=" "><subfield code="a">agr06000881 </subfield></datafield><datafield tag="016" ind1="7" ind2=" "><subfield code="a">CAT10509625</subfield><subfield code="2">DNAL</subfield></datafield><datafield tag="035" ind1=" " ind2=" "><subfield code="a">373817</subfield></datafield><datafield tag="035" ind1=" " ind2=" "><subfield code="a">(OCoLC)15806638</subfield></datafield><datafield tag="035" ind1=" " ind2=" "><subfield code="a">(DNAL)373817-naldb-Voyager</subfield></datafield><datafield tag="040" ind1=" " ind2=" "><subfield code="a">Library, U.S. Dept. of Agriculture</subfield><subfield code="b">eng</subfield><subfield code="c">EEX</subfield><subfield code="d">OCL</subfield><subfield code="d">OCLCQ</subfield><subfield code="d">AGL</subfield><subfield code="d">OCLCG</subfield><subfield code="d">KRTAS</subfield><subfield code="d">OCLCF</subfield><subfield code="d">OCLCQ</subfield><subfield code="d">OCLCO</subfield></datafield><datafield tag="049" ind1=" " ind2=" "><subfield code="a">RQIA</subfield></datafield><datafield tag="070" ind1="0" ind2=" "><subfield code="a">41</subfield><subfield code="b">D12M</subfield></datafield><datafield tag="072" ind1=" " ind2=" "><subfield code="a">L830</subfield></datafield><datafield tag="100" ind1="1" ind2=" "><subfield code="a">Dadd, George H.,</subfield><subfield code="d">1813-1868.</subfield><subfield code="0">http://id.loc.gov/authorities/names/no94040109</subfield></datafield><datafield tag="245" ind1="1" ind2="4"><subfield code="a">The modern horse doctor:</subfield><subfield code="b">containing practical observations on the causes, nature, and
                treatment of disease and lameness in horses ...</subfield><subfield code="c">By George H. Dadd ...</subfield></datafield><datafield tag="260" ind1=" " ind2=" "><subfield code="a">New York,</subfield><subfield code="b">O. Judd Co.,</subfield><subfield code="c">1879.</subfield></datafield><datafield tag="300" ind1=" " ind2=" "><subfield code="a">1 preliminary leaf, 5-432 pages</subfield><subfield code="b">2 frontispiece, illustrations</subfield><subfield code="c">20 cm</subfield></datafield><datafield tag="336" ind1=" " ind2=" "><subfield code="a">text</subfield><subfield code="b">txt</subfield><subfield code="2">rdacontent</subfield></datafield><datafield tag="337" ind1=" " ind2=" "><subfield code="a">unmediated</subfield><subfield code="b">n</subfield><subfield code="2">rdamedia</subfield></datafield><datafield tag="338" ind1=" " ind2=" "><subfield code="a">volume</subfield><subfield code="b">nc</subfield><subfield code="2">rdacarrier</subfield></datafield><datafield tag="591" ind1=" " ind2=" "><subfield code="b">NAL Reclamation</subfield></datafield><datafield tag="650" ind1=" " ind2="0"><subfield code="a">Horses</subfield><subfield code="x">Diseases.</subfield><subfield code="0">http://id.loc.gov/authorities/subjects/sh85062163</subfield></datafield><datafield tag="912" ind1=" " ind2=" "><subfield code="a">nalcatalog</subfield></datafield><datafield tag="930" ind1=" " ind2=" "><subfield code="a">00000000</subfield><subfield code="b">00000000</subfield><subfield code="c">00000000</subfield></datafield><datafield tag="938" ind1=" " ind2=" "><subfield code="a">Kirtas Technologies, Inc.</subfield><subfield code="b">KRTS</subfield><subfield code="n">654980</subfield></datafield><datafield tag="946" ind1=" " ind2=" "><subfield code="a">Other US</subfield></datafield><datafield tag="994" ind1=" " ind2=" "><subfield code="a">92</subfield><subfield code="b">AGL</subfield></datafield></record>