<record><leader>01118cam a2200349 a 4500</leader><controlfield tag="001">9915552789507426</controlfield><controlfield tag="005">20221102204555.0</controlfield><controlfield tag="008">920620s1906 enkaf 000 0 eng d</controlfield><datafield tag="016" ind1="7" ind2=" "><subfield code="a">CAT10509988</subfield><subfield code="2">DNAL</subfield></datafield><datafield tag="035" ind1=" " ind2=" "><subfield code="a">397973</subfield></datafield><datafield tag="035" ind1=" " ind2=" "><subfield code="a">(OCoLC)16632626</subfield></datafield><datafield tag="035" ind1=" " ind2=" "><subfield code="a">(DNAL)397973-naldb-Voyager</subfield></datafield><datafield tag="040" ind1=" " ind2=" "><subfield code="a">NLW</subfield><subfield code="b">eng</subfield><subfield code="c">NLW</subfield><subfield code="d">OCLCQ</subfield><subfield code="d">AGL</subfield><subfield code="d">OCLCQ</subfield><subfield code="d">EUW</subfield><subfield code="d">OCLCQ</subfield></datafield><datafield tag="049" ind1=" " ind2=" "><subfield code="a">RQIA</subfield></datafield><datafield tag="050" ind1=" " ind2="0"><subfield code="a">SF285</subfield><subfield code="b">A96</subfield></datafield><datafield tag="070" ind1="0" ind2=" "><subfield code="a">42</subfield><subfield code="b">Ax2H</subfield></datafield><datafield tag="072" ind1=" " ind2=" "><subfield code="a">L100</subfield></datafield><datafield tag="072" ind1=" " ind2=" "><subfield code="a">L800</subfield></datafield><datafield tag="100" ind1="1" ind2=" "><subfield code="a">Axe, J. Wortley.</subfield></datafield><datafield tag="245" ind1="1" ind2="4"><subfield code="a">The horse :</subfield><subfield code="b">its treatment in health and disease with a complete guide to
                breeding, training and management /</subfield><subfield code="c">edited by J. Wortley Axe.</subfield></datafield><datafield tag="260" ind1=" " ind2=" "><subfield code="a">London :</subfield><subfield code="b">Gresham Pub. Co.,</subfield><subfield code="c">1906.</subfield></datafield><datafield tag="300" ind1=" " ind2=" "><subfield code="a">3 volumes in 9 :</subfield><subfield code="b">illustrations, plates (some color, some folded), folded tables
                ;</subfield><subfield code="c">28 cm</subfield></datafield><datafield tag="336" ind1=" " ind2=" "><subfield code="a">text</subfield><subfield code="b">txt</subfield><subfield code="2">rdacontent</subfield></datafield><datafield tag="337" ind1=" " ind2=" "><subfield code="a">unmediated</subfield><subfield code="b">n</subfield><subfield code="2">rdamedia</subfield></datafield><datafield tag="338" ind1=" " ind2=" "><subfield code="a">volume</subfield><subfield code="b">nc</subfield><subfield code="2">rdacarrier</subfield></datafield><datafield tag="591" ind1=" " ind2=" "><subfield code="b">NAL Reclamation</subfield></datafield><datafield tag="650" ind1=" " ind2="2"><subfield code="a">Horses</subfield></datafield><datafield tag="655" ind1=" " ind2="7"><subfield code="a">Encyclopedias.</subfield><subfield code="2">rbgenr</subfield></datafield><datafield tag="912" ind1=" " ind2=" "><subfield code="a">nalcatalog</subfield></datafield><datafield tag="930" ind1=" " ind2=" "><subfield code="a">00000000</subfield><subfield code="b">00000000</subfield><subfield code="c">00000000</subfield></datafield><datafield tag="946" ind1=" " ind2=" "><subfield code="a">Non-US</subfield></datafield><datafield tag="994" ind1=" " ind2=" "><subfield code="a">92</subfield><subfield code="b">AGL</subfield></datafield></record>