<record><leader>01108cam a2200337I 4500</leader><controlfield tag="001">9915554783107426</controlfield><controlfield tag="005">20221102213530.0</controlfield><controlfield tag="008">920620s1825 fr 000 0 fre d</controlfield><datafield tag="016" ind1="7" ind2=" "><subfield code="a">CAT10513151</subfield><subfield code="2">DNAL</subfield></datafield><datafield tag="035" ind1=" " ind2=" "><subfield code="a">378871</subfield></datafield><datafield tag="035" ind1=" " ind2=" "><subfield code="a">(OCoLC)17461004</subfield></datafield><datafield tag="035" ind1=" " ind2=" "><subfield code="a">(DNAL)378871-naldb-Voyager</subfield></datafield><datafield tag="040" ind1=" " ind2=" "><subfield code="a">RQI</subfield><subfield code="b">eng</subfield><subfield code="c">RQI</subfield><subfield code="d">OCLCQ</subfield><subfield code="d">AGL</subfield><subfield code="d">OCLCQ</subfield><subfield code="d">OCLCF</subfield><subfield code="d">OCLCQ</subfield><subfield code="d">OCLCO</subfield></datafield><datafield tag="049" ind1=" " ind2=" "><subfield code="a">RQIA</subfield></datafield><datafield tag="070" ind1="0" ind2=" "><subfield code="a">41</subfield><subfield code="b">G443</subfield></datafield><datafield tag="072" ind1=" " ind2=" "><subfield code="a">L830</subfield></datafield><datafield tag="100" ind1="1" ind2=" "><subfield code="a">Girard, J.</subfield></datafield><datafield tag="242" ind1="0" ind2="0"><subfield code="a">Account of the prevailing epizootic horse disease</subfield><subfield code="y">eng</subfield></datafield><datafield tag="245" ind1="1" ind2="0"><subfield code="a">Notice sur la maladie qui régne épizootiquement sur les
                chevaux.</subfield></datafield><datafield tag="260" ind1=" " ind2=" "><subfield code="a">Leon,</subfield><subfield code="b">Melleville,</subfield><subfield code="c">1825.</subfield></datafield><datafield tag="300" ind1=" " ind2=" "><subfield code="a">23 pages</subfield></datafield><datafield tag="336" ind1=" " ind2=" "><subfield code="a">text</subfield><subfield code="b">txt</subfield><subfield code="2">rdacontent</subfield></datafield><datafield tag="337" ind1=" " ind2=" "><subfield code="a">unmediated</subfield><subfield code="b">n</subfield><subfield code="2">rdamedia</subfield></datafield><datafield tag="338" ind1=" " ind2=" "><subfield code="a">volume</subfield><subfield code="b">nc</subfield><subfield code="2">rdacarrier</subfield></datafield><datafield tag="591" ind1=" " ind2=" "><subfield code="b">NAL Reclamation</subfield></datafield><datafield tag="650" ind1=" " ind2="0"><subfield code="a">Horses</subfield><subfield code="x">Diseases.</subfield><subfield code="0">http://id.loc.gov/authorities/subjects/sh85062163</subfield></datafield><datafield tag="650" ind1=" " ind2="0"><subfield code="a">Communicable diseases in animals.</subfield><subfield code="0">http://id.loc.gov/authorities/subjects/sh85029021</subfield></datafield><datafield tag="912" ind1=" " ind2=" "><subfield code="a">nalcatalog</subfield></datafield><datafield tag="930" ind1=" " ind2=" "><subfield code="a">00000000</subfield><subfield code="b">00000000</subfield><subfield code="c">00000000</subfield></datafield><datafield tag="946" ind1=" " ind2=" "><subfield code="a">Non-US</subfield></datafield><datafield tag="994" ind1=" " ind2=" "><subfield code="a">92</subfield><subfield code="b">AGL</subfield></datafield></record></collection>
